fiscalDateEnding|reportedCurrency|grossProfit|totalRevenue|costOfRevenue|costofGoodsAndServicesSold|operatingIncome|sellingGeneralAndAdministrative|researchAndDevelopment|operatingExpenses|investmentIncomeNet|netInterestIncome|interestIncome|interestExpense|nonInterestIncome|otherNonOperatingIncome|depreciation|depreciationAndAmortization|incomeBeforeTax|incomeTaxExpense|interestAndDebtExpense|netIncomeFromContinuingOperations|comprehensiveIncomeNetOfTax|ebit|ebitda|netIncome|ticker
2024-12-31|USD|5893000000|6631000000|738000000|4444000000|1020000000|||5806000000|109000000|-620000000|109000000|729000000|0|59000000||1055000000|459000000|-215000000|729000000|674000000|665000000|1020000000|2243000000|674000000|PCG
2024-09-30|USD|5832000000|5941000000|109000000|3607000000|1029000000|||4912000000|156000000|-639000000|156000000|795000000|-9000000|83000000||1059000000|473000000|-106000000|804000000|579000000|583000000|1029000000|2327000000|579000000|PCG
2024-06-30|USD|5921000000|5986000000|65000000|4855000000|1134000000|||4852000000|202000000|-610000000|202000000|812000000||82000000||1131000000|606000000|82000000|812000000|524000000|524000000|1134000000|2262000000|524000000|PCG
2024-03-31|USD|5791000000|5861000000|70000000|4586000000|1276000000|||4655000000|137000000|-715000000|137000000|715000000||76000000||1100000000|774000000|39000000|715000000|735000000|734000000|1276000000|2422000000|735000000|PCG
2023-12-31|USD|6498000000|7041000000|543000000|4481000000|1135000000|||6081000000|197000000|-926000000|197000000|926000000||59000000||967000000|465000000|-458000000|926000000|923000000|912000000|1135000000|2358000000|923000000|PCG
2023-09-30|USD|5629000000|5888000000|259000000|4143000000|401000000|259000000||5487000000|154000000|-682000000|154000000|682000000||62000000||1030000000|-65000000|-416000000|682000000|351000000|349000000|401000000|1396000000|351000000|PCG
2023-06-30|USD|5136000000|5290000000|154000000|3382000000|506000000|154000000||4784000000|143000000|-640000000|143000000|640000000||66000000||122085|75000000|-335000000|640000000|410000000|410000000|506000000|1711000000|410000000|PCG
2023-03-31|USD|6070000000|6209000000|139000000|4115000000|629000000|139000000||5719000000|112000000|-602000000|112000000|602000000||85000000||41584|224000000|-348000000|602000000|572000000|577000000|629000000|1901000000|572000000|PCG
2022-12-31|USD|5025000000|5370000000|345000000|3523000000|130000000|145000000||5372000000|92000000|-562000000|92000000|562000000||148000000||54880|-192000000|-709000000|562000000|517000000|549000000|130000000|1395000000|517000000|PCG
2022-09-30|USD|5394000000|5394000000|50000000|3539000000|726000000|50000000||4668000000|43000000|-525000000|482000000|525000000||118000000||27081|362000000|-97000000|525000000|459000000|447000000|726000000|1898000000|459000000|PCG
2022-06-30|USD|5118000000|5118000000|33000000|3430000000|445000000|145000000||4673000000|19000000|-411000000|19000000|411000000||-21000000||86065|32000000|-328000000|411000000|360000000|355000000|445000000|1529000000|360000000|PCG
2022-03-31|USD|5798000000|5798000000|43000000|4173000000|536000000|43000000||5305000000|8000000|-419000000|8000000|419000000||149000000||60459|274000000|-204000000|419000000|478000000|478000000|536000000|1664000000|478000000|PCG
2021-12-31|USD|6108000000|5246000000|-862000000|3627000000|641000000|126000000||4535000000|3000000|-396000000|3000000|396000000||70000000||71391|318000000|-158000000|396000000|476000000|481000000|641000000|1574000000|476000000|PCG
2021-09-30|USD|5066000000|5465000000|399000000|4104000000|304000000|91000000||5161000000|0|-399000000|399000000|399000000|5465000000|132000000||54000|37000000|1125000000|399000000|-1088000000|-1087000000|436000000|1331000000|-1088000000|PCG
2021-06-30|USD|4817000000|5215000000|398000000|3617000000|634000000|113000000||4581000000|15000000|-398000000|15000000|398000000|5215000000|128000000||55806|368000000|-33000000|398000000|401000000|401000000|766000000|1623000000|401000000|PCG
2021-03-31|USD|4308000000|4716000000|408000000|3233000000|304000000|76000000||4412000000|2000000|-408000000|2000000|408000000|4716000000|127000000||55213|25000000|-98000000|408000000|123000000|124000000|433000000|1493000000|123000000|PCG
2020-12-31|USD|5292000000|5592000000|300000000|3258000000|420000000|170000000||4363000000|6000000|-416000000|6000000|416000000||184000000||55131|172000000|-32000000|416000000|204000000|187000000|420000000|1561000000|204000000|PCG
2020-09-30|USD|4491000000|4491000000|3494000000|3494000000|398000000|||4484000000|5000000|-391000000|386000000|391000000|4882000000|102000000||52750|-23000000|-109000000|391000000|86000000|86000000|368000000|1375000000|86000000|PCG
2020-06-30|USD|4334000000|4334000000|3034000000|3034000000|282000000|170000000||4251000000|12000000|-199000000|12000000|199000000|4533000000|100000000||51116|-1429000000|539000000|199000000|-1968000000|-1968000000|-1230000000|1268000000|-1968000000|PCG
2020-03-31|USD|4052000000|4052000000|2796000000|2796000000|655000000|||3651000000|16000000|-254000000|16000000|254000000|4306000000|97000000||47300|338000000|-36000000|254000000|374000000|374000000|592000000|1623000000|374000000|PCG
2019-12-31|USD|4846000000|4958000000|112000000|3298000000|-4343000000|-162000000||8924000000|20000000|-719000000|699000000|719000000||51000000||46467|-5081000000|-1468000000|719000000|-3613000000|-3614000000|-4343000000|1516000000|-3613000000|PCG
2019-09-30|USD|4380000000|4380000000|22000000|3344000000|-2300000000|22000000||6732000000|18000000|-52000000|18000000|52000000|4432000000|62000000||44646|-2345000000|-729000000|52000000|-1616000000|-1616000000|-2300000000|1168000000|-1616000000|PCG
2019-06-30|USD|3883000000|3883000000|-170000000|2887000000|-3640000000|-170000000||7583000000|22000000|-60000000|22000000|60000000|3943000000|66000000||40963|-3668000000|-1119000000|60000000|-2549000000|-2549000000|-3640000000|1144000000|-2549000000|PCG
2019-03-31|USD|3548000000|3908000000|360000000|3025000000|189000000|360000000||4182000000|22000000|-103000000|81000000|103000000|4011000000|71000000||40374|52000000|-84000000|103000000|136000000|136000000|155000000|1079000000|136000000|PCG
2018-12-31|USD|2563000000|4088000000|596000000|3176000000|-9530000000|385000000||14003000000|41000000|-251000000||251000000|4088000000|106000000||779000000|-9634000000|-2765000000|251000000|-6869000000|-6866000000|-9530000000|1059000000|-6869000000|PCG
2018-09-30|USD|4021000000|4381000000|360000000|2936000000|696000000|360000000||4045000000|14000000|-232000000||232000000|4381000000|104000000||759000000|582000000|15000000|232000000|567000000|568000000|696000000|1563000000|567000000|PCG
2018-06-30|USD|4234000000|4234000000|-804000000|2828000000|-1465000000|15000000||5699000000|12000000|-226000000||226000000|4234000000|106000000||746000000|-1573000000|-593000000|226000000|-980000000|-980000000|-1465000000|1524000000|-980000000|PCG
2018-03-31|USD|3203000000|4056000000|853000000|819000000|599000000|34000000||3491000000|9000000|-220000000||220000000|4056000000|108000000||752000000|496000000|51000000|220000000|445000000|445000000|716000000|1468000000|445000000|PCG
2017-12-31|USD|2830000000|4100000000|1270000000|873000000|417000000|190000000||3861000000|9000000|-225000000||225000000||25000000||720000000|226000000|108000000|225000000|118000000|118000000|417000000|1171000000|118000000|PCG
2017-09-30|USD|3051000000|4517000000|1466000000|1466000000|886000000|-15000000||3618000000|9000000|-220000000||220000000||38000000||710000000|713000000|160000000|220000000|553000000|553000000|886000000|1643000000|553000000|PCG
2017-06-30|USD|3127000000|4250000000|1123000000|1123000000|735000000|-43000000||3502000000|8000000|-225000000||225000000||26000000||712000000|544000000|134000000|225000000|410000000|411000000|735000000|1481000000|410000000|PCG
2017-03-31|USD|3365000000|4268000000|903000000|847000000|867000000|56000000||3444000000|5000000|-218000000||218000000||34000000||712000000|688000000|109000000|218000000|579000000|579000000|867000000|1618000000|579000000|PCG
2016-12-31|USD|3327000000|4713000000|1386000000|1046000000|944000000|146000000||3818000000|6000000|-208000000||208000000||114000000||665000000|856000000|160000000|208000000|696000000|694000000|944000000|1729000000|696000000|PCG
2016-09-30|USD|3197000000|4810000000|1613000000|1613000000|640000000|24000000||4170000000|8000000|-211000000||211000000||24000000||694000000|461000000|70000000|211000000|391000000|391000000|640000000|1366000000|391000000|PCG
2016-06-30|USD|3013000000|4169000000|1156000000|1156000000|401000000|29000000||3768000000|5000000|-207000000||207000000||23000000||699000000|222000000|12000000|207000000|210000000|210000000|401000000|1128000000|210000000|PCG
2016-03-31|USD|3018000000|3974000000|956000000|950000000|95000000|6000000||3885000000|4000000|-203000000||203000000||27000000||697000000|-77000000|-187000000|203000000|110000000|110000000|95000000|823000000|110000000|PCG
2015-12-31|USD|2733000000|4167000000|1434000000|1141000000|205000000|124000000||4086000000|3000000|-198000000||198000000||17000000||677000000|27000000|-111000000|198000000|138000000|137000000|205000000|902000000|138000000|PCG
2015-09-30|USD|2869000000|4550000000|1681000000|1681000000|545000000|24000000||4005000000|2000000|-194000000||194000000||24000000||653000000|377000000|67000000|194000000|310000000|310000000|545000000|1224000000|310000000|PCG
2015-06-30|USD|2940000000|4217000000|1277000000|1277000000|687000000|28000000||3530000000|3000000|-192000000||192000000||18000000||651000000|516000000|110000000|192000000|406000000|406000000|687000000|1359000000|406000000|PCG
2015-03-31|USD|2893000000|3899000000|1006000000|1000000000|71000000|6000000||3834000000|1000000|-189000000||189000000|1000000|58000000||631000000|-59000000|-93000000|189000000|34000000|17000000|71000000|761000000|34000000|PCG
2014-12-31|USD|2754000000|4308000000|1554000000|1274000000|383000000|117000000||4042000000|2000000|-187000000||187000000||-28000000||667000000|170000000|35000000|187000000|135000000|120000000|383000000|1024000000|135000000|PCG
2014-09-30|USD|3157000000|4939000000|1782000000|1782000000|1065000000|14000000||3874000000|2000000|-174000000||174000000||36000000||671000000|929000000|115000000|174000000|814000000|796000000|1065000000|1774000000|814000000|PCG
2014-06-30|USD|2603000000|3952000000|1349000000|1349000000|518000000|||3434000000|2000000|-188000000||188000000||43000000||557000000|375000000|104000000|188000000|271000000|260000000|518000000|1120000000|271000000|PCG
2014-03-31|USD|2681000000|3891000000|1210000000|1210000000|484000000|||3592000000|3000000|-185000000||185000000||19000000||538000000|321000000|91000000|185000000|230000000|235000000|484000000|1044000000|230000000|PCG
2013-12-31|USD|2689000000|3975000000|1286000000|1199000000|333000000|92000000||3912000000|3000000|-183000000||183000000||-38000000||535000000|115000000|25000000|183000000|90000000|210000000|333000000|833000000|90000000|PCG
2013-09-30|USD|2530000000|4175000000|1645000000|1645000000|291000000|12000000||4063000000|2000000|-179000000||179000000||26000000||523000000|140000000|-24000000|179000000|164000000|165000000|291000000|842000000|164000000|PCG
2013-06-30|USD|2587000000|3776000000|1189000000|1189000000|636000000|12000000||3317000000|2000000|-177000000||177000000||24000000||516000000|485000000|153000000|177000000|332000000|352000000|636000000|1178000000|332000000|PCG
2013-03-31|USD|2670000000|3672000000|1002000000|983000000|502000000|19000000||3365000000|2000000|-176000000||176000000||28000000||503000000|356000000|114000000|176000000|242000000|252000000|502000000|1035000000|242000000|PCG
2012-12-31|USD|2588000000|3830000000|1242000000|1058000000|125000000|83000000||4064000000|1000000|-175000000||175000000||-14000000||465000000|-63000000|-54000000|175000000|-34000000|77000000|125000000|577000000|-9000000|PCG
2012-09-30|USD|2693000000|3976000000|1283000000|1283000000|614000000|12000000||3540000000|2000000|-178000000||178000000|0|26000000||617000000|464000000|100000000|178000000|364000000|372000000|614000000|1233000000|364000000|PCG
2012-06-30|USD|2631000000|3593000000|962000000|962000000|467000000|13000000||3302000000|3000000|-176000000||176000000|1000000|32000000||606000000|326000000|87000000|176000000|239000000|247000000|467000000|1076000000|239000000|PCG
2012-03-31|USD|2766000000|3641000000|875000000|859000000|487000000|16000000||3344000000|1000000|-174000000||174000000|1000000|26000000||584000000|340000000|104000000|174000000|236000000|246000000|487000000|1072000000|236000000|PCG
2011-12-31|USD|2594000000|3815000000|1221000000|998000000|358000000|61000000||3791000000|0|-173000000||173000000||-7000000||567000000|178000000|91000000|173000000|87000000|36000000|358000000|925000000|87000000|PCG
2011-09-30|USD|2636000000|3860000000|1224000000|1224000000|408000000|6000000||3628000000|2000000|-176000000||176000000||18000000||450000000|252000000|49000000|176000000|203000000|211000000|408000000|976000000|203000000|PCG
2011-06-30|USD|2778000000|3684000000|906000000|906000000|692000000|||3166000000|3000000|-174000000||174000000||21000000||648000000|542000000|176000000|174000000|366000000|375000000|716000000|1343000000|366000000|PCG
2011-03-31|USD|2709000000|3597000000|888000000|888000000|484000000|||3290000000|2000000|-177000000||177000000||17000000||550000000|326000000|124000000|177000000|202000000|211000000|503000000|1036000000|202000000|PCG
2010-12-31|USD|2496000000|3621000000|1125000000|1013000000|492000000|||3211000000|2000000|-174000000||174000000||2000000||542000000|1435000000|68000000|-30000000|254000000|170000000|492000000|1036000000|1367000000|PCG
2010-09-30|USD|2411000000|3513000000|1102000000|1102000000|503000000|||3177000000|3000000|-167000000||167000000||29000000||571000000|368000000|107000000|167000000|261000000|268000000|503000000|1077000000|261000000|PCG
2010-06-30|USD|2369000000|3232000000|863000000|863000000|695000000|||2712000000|2000000|-175000000||175000000||2000000||532000000|524000000|187000000|175000000|337000000|345000000|699000000|1165000000|337000000|PCG
2010-03-31|USD|2555000000|3475000000|920000000|920000000|618000000|||3025000000|2000000|-168000000||168000000||-6000000||506000000|446000000|185000000|168000000|261000000|261000000|614000000|1126000000|261000000|PCG
2009-12-31|USD|-2935000000|3539000000|6474000000|6474000000|523000000|||3188000000|6000000|-172000000||172000000||4000000||492000000|347000000|84000000|172000000|277000000|210000000|523000000|1021000000|263000000|PCG
2009-09-30|USD|4232000000|3235000000|-997000000|-997000000|607000000|||2802000000|1000000|-174000000||174000000||23000000||511000000|457000000|136000000|174000000|321000000|321000000|607000000|1119000000|321000000|PCG
2009-06-30|USD|4077000000|3194000000|-883000000|-883000000|656000000|||2716000000|17000000|-178000000||178000000||22000000||481000000|517000000|125000000|178000000|392000000|392000000|695000000|1102000000|392000000|PCG
