fiscalDateEnding|reportedCurrency|grossProfit|totalRevenue|costOfRevenue|costofGoodsAndServicesSold|operatingIncome|sellingGeneralAndAdministrative|researchAndDevelopment|operatingExpenses|investmentIncomeNet|netInterestIncome|interestIncome|interestExpense|nonInterestIncome|otherNonOperatingIncome|depreciation|depreciationAndAmortization|incomeBeforeTax|incomeTaxExpense|interestAndDebtExpense|netIncomeFromContinuingOperations|comprehensiveIncomeNetOfTax|ebit|ebitda|netIncome|ticker
2024-12-31|USD|347000000|395400000|48400000|48400000|263800000|58300000|24900000|246500000|11500000|-11800000|7000000|18800000||||8800000|248100000|56600000||191500000|191400000|263800000|275700000|191500000|VRSN
2024-09-30|USD|343800000|390600000|46800000|46800000|269300000|51300000|23200000|74500000|8700000|-10200000|8700000|18900000||||9000000|260900000|59600000||201300000|201700000|279800000|288800000|201300000|VRSN
2024-06-30|USD|340000000|387100000|47100000|47100000|266200000|50000000|23800000|73800000|9700000|-9100000|9700000|18800000||||9300000|258900000|60100000||198800000|198800000|277700000|287000000|198800000|VRSN
2024-03-31|USD|335200000|384300000|49100000|49100000|258900000|51500000|24800000|86100000|19000000|-6800000|12000000|18800000||||9800000|254000000|59900000||194100000|193900000|272800000|282600000|194100000|VRSN
2023-12-31|USD|331900000|380400000|48500000|48500000|256300000|52700000|22900000|86000000|40100000|-18800000|12300000|18800000||1800000||10400000|251600000|-13100000|18800000|264700000|265100000|256300000|280800000|264700000|VRSN
2023-09-30|USD|327700000|376300000|48600000|48600000|254300000|51700000|21700000|73400000|11600000|-18800000|11600000|18800000||1500000||10800000|248600000|60100000|18800000|188500000|188900000|267400000|278200000|188500000|VRSN
2023-06-30|USD|321700000|372000000|50300000|50300000|248700000|50800000|22200000|73000000|11500000|-18900000|11500000|18900000||12700000||11300000|242500000|56800000|18900000|185700000|185000000|261400000|272700000|185700000|VRSN
2023-03-31|USD|314500000|364400000|49900000|49900000|241300000|49000000|24200000|84800000|10700000|-18800000|10700000|18800000||11300000||11600000|233800000|55100000|18800000|178700000|178700000|252600000|264200000|178700000|VRSN
2022-12-31|USD|318700000|369200000|50500000|50500000|245500000|51700000|21500000|84900000|8500000|-18800000|8500000|18800000||-2900000||11700000|232300000|52800000|18800000|179500000|179500000|245500000|262800000|179500000|VRSN
2022-09-30|USD|306900000|356900000|50000000|50000000|236800000|49100000|21000000|80000000|4600000|-18800000||18800000||300000||11400000|222900000|53400000|18800000|169500000|169700000|241700000|253100000|169500000|VRSN
2022-06-30|USD|302400000|351900000|49500000|49500000|236000000|46100000|20300000|76300000|1500000|-18900000||18900000||1600000||11900000|218700000|51400000|18900000|167300000|167400000|237600000|249500000|167300000|VRSN
2022-03-31|USD|296200000|346900000|50700000|50700000|224800000|48500000|22900000|83300000|300000|-18800000||18800000||300000||11900000|206300000|48800000|18800000|157500000|157300000|225100000|237000000|157500000|VRSN
2021-12-31|USD|291000000|340300000|49300000|49368000|222100000|48100000|20800000|81159000||-18828000|72000|18900000|49000|-78000||12300000|203430000|-126700000|18779000|330082000|330101000|222100000|234630000|330130000|VRSN
2021-09-30|USD|286500000|334300000|47800000|47801000|221300000|45600000|19600000|74836000||-18829000|-29000|18800000|0|53000||12000000|202600000|46000000|18829000|156622000|156700000|221400000|233400000|156600000|VRSN
2021-06-30|USD|281600000|329400000|47800000|47796000|213000000|48800000|19800000|78130000||-23064000|36000|23100000|-2149000|-3000||12000000|187900000|40200000|25213000|147772000|147600000|211000000|223000000|147700000|VRSN
2021-03-31|USD|276600000|323600000|47000000|46968000|210400000|45900000|20300000|77820000||-22534000|-34000|22500000|0|228000||11600000|188300000|37900000|22534000|150354000|150400000|210800000|222400000|150400000|VRSN
2020-12-31|USD|274337000|320332000|45995000|45972000|204507000|50398000|19432000|80893000||-22537000|56000|22593000|800000|-160000||11937000|182840000|25526000|22537000|157314000|157299000|204507000|217370000|157314000|VRSN
2020-09-30|USD|272855000|317879000|45024000|45024000|206649000|46498000|19708000|75315000||-22537000|805000|22537000|-9000|-21000||11622000|184887000|13908000|22537000|170979000|170596000|207424000|219046000|170979000|VRSN
2020-06-30|USD|270757000|314365000|43608000|43608000|206780000|45775000|18202000|67824000||-22535000|2274000|22535000|5153000|-24000||11609000|191648000|39169000|22535000|152479000|150479000|214183000|225792000|152479000|VRSN
2020-03-31|USD|266951000|312524000|45573000|45573000|206264000|43329000|17358000|71919000||-22535000|4421000|22535000|458000|563000||11232000|190813000|-143303000|22535000|334116000|336379000|213348000|224580000|334116000|VRSN
2019-12-31|USD|264089000|310543000|46454000|46454000|198566000|50422000|15101000|76709000||-22712000|5551000|22712000|817000|-178000||12003000|184977000|36652000|22712000|148325000|148123000|198566000|219692000|148325000|VRSN
2019-09-30|USD|263978000|308421000|44443000|44443000|205616000|43743000|14619000|67062000||-22633000|6457000|22633000|0|227000||11443000|193481000|39568000|22633000|153913000|154221000|216114000|227557000|153913000|VRSN
2019-06-30|USD|262223000|306289000|44066000|44066000|201693000|45577000|14953000|69130000||-22635000|7228000|22635000|0|115000||11291000|190494000|42960000|22635000|147534000|147569000|213129000|224420000|147534000|VRSN
2019-03-31|USD|260904000|306408000|45504000|45504000|200252000|44520000|16132000|72245000||-22631000|7360000|22631000|0|793000||11593000|189824000|27297000|22631000|162527000|162576000|212455000|224048000|162527000|VRSN
2018-12-31|USD|259084000|307452000|48368000|48368000|193966000|50076000|15042000|22195000||-22634000||22634000|53840000|2000||11917000|233902000|51707000|22634000|182195000|182387000|193966000|268453000|182195000|VRSN
2018-09-30|USD|257528000|305777000|48249000|48249000|194997000|48819000|13712000|70831000||-22631000||22631000|0|112000||12255000|178301000|40621000|22631000|137680000|137358000|200932000|213187000|137680000|VRSN
2018-06-30|USD|255087000|302452000|47365000|47365000|193010000|48322000|13755000|70177000||-28792000||28792000|-6554000|631000||12078000|164878000|36527000|35346000|128351000|128368000|193670000|205748000|128351000|VRSN
2018-03-31|USD|251136000|299288000|48152000|48152000|185419000|50342000|15375000|77834000||-40788000||40788000|0|315000||12117000|152435000|18172000|40788000|134263000|134506000|193223000|205340000|134263000|VRSN
2017-12-31|USD|247821000|295501000|47680000|47680000|176432000|58616000|12773000|83602000||-40467000||40467000|-1000000|-476000||12213000|142047000|39210000|40467000|102837000|103050000|176432000|194727000|102837000|VRSN
2017-09-30|USD|245095000|292428000|47333000|47333000|181059000|51321000|12715000|64222000||-37756000||37756000|-186000|595000||12493000|149544000|34645000|37756000|114899000|114635000|187300000|199793000|114899000|VRSN
2017-06-30|USD|240908000|288552000|47644000|47644000|174960000|52438000|13510000|55341000||-29090000||29090000|10607000|86000||12070000|159872000|36772000|29090000|123100000|123317000|188962000|201032000|123100000|VRSN
2017-03-31|USD|237945000|288614000|50669000|50669000|175271000|49330000|13344000|75776000||-29023000||29023000|0|-944000||13102000|147549000|31137000|29023000|116412000|116758000|176572000|189674000|116412000|VRSN
2016-12-31|USD|237171000|286271000|49100000|49100000|168762000|54664000|13745000|82462000||-28982000||28982000|-1000000|2585000||14053000|141853000|36301000|28982000|105552000|104784000|168762000|184888000|105552000|VRSN
2016-09-30|USD|237747000|287554000|49807000|49807000|174776000|48647000|14324000|62971000||-28919000||28919000|0|94000||14697000|149119000|34692000|28919000|114427000|113931000|178038000|192735000|114427000|VRSN
2016-06-30|USD|237713000|286466000|48753000|48753000|176267000|47158000|14288000|61446000||-28859000||28859000|0|281000||14550000|149117000|35907000|28859000|113210000|114145000|177976000|192526000|113210000|VRSN
2016-03-31|USD|231294000|281876000|50582000|50582000|166767000|47784000|16743000|79394000||-28804000||28804000||1014000||14867000|141084000|33628000|28804000|107456000|108325000|169888000|184755000|107456000|VRSN
2015-12-31|USD|223629000|272625000|48996000|48996000|158282000|50147000|15200000|80284000||-28567000||28567000||-121000||14937000|125379000|23849000|28567000|101530000|100126000|158282000|168883000|101530000|VRSN
2015-09-30|USD|218562000|265780000|47218000|47218000|154462000|49081000|15019000|64100000||-28544000||28544000||133000||14934000|121943000|29486000|28544000|92457000|92996000|150487000|165421000|92457000|VRSN
2015-06-30|USD|214318000|262539000|48221000|48221000|148965000|49006000|16347000|65353000||-28503000||28503000||120000||15873000|123663000|30652000|28503000|93011000|92798000|152166000|168039000|93011000|VRSN
2015-03-31|USD|210069000|258422000|48353000|48353000|144237000|48680000|17152000|81579000||-22017000||22017000||1205000||15747000|116665000|28427000|22017000|88238000|88321000|138682000|154429000|88238000|VRSN
2014-12-31|USD|208440000|255917000|47477000|47477000|142221000|48895000|17324000|81985000||-21586000||21586000||1331000||15766000|120476000|55004000|21586000|65472000|65523000|142221000|157828000|65472000|VRSN
2014-09-30|USD|208089000|255022000|46933000|46933000|139500000|52269000|16320000|68589000||-21533000||21533000||-108000||15809000|111494000|16305000|21533000|95189000|95247000|133027000|148836000|95189000|VRSN
2014-06-30|USD|204393000|250382000|45989000|45989000|143121000|45578000|15694000|82762000||-21295000|195000|21490000||-447000||16107000|126625000|26449000|21490000|100176000|100141000|148115000|164222000|100176000|VRSN
2014-03-31|USD|200770000|248796000|48026000|48026000|139585000|42746000|18439000|98578000||-21069000|316000|21385000||931000||16008000|124716000|30293000|21385000|94423000|94436000|146101000|162109000|94423000|VRSN
2013-12-31|USD|199055000|245630000|46575000|46575000|130174000|51115000|17766000|54885000||-20923000|314000|21237000||-3589000||15240000|116445000|-175704000|21237000|292149000|836721000|130174000|152922000|292149000|VRSN
2013-09-30|USD|197124000|243678000|46554000|46554000|132713000|46955000|17456000|85532000||-20799000|320000|21119000||374000||14889000|107002000|26104000|21119000|80898000|80984000|128121000|143010000|80898000|VRSN
2013-06-30|USD|192702000|239332000|46630000|46630000|132081000|43722000|16899000|77412000||-19189000|620000|19809000||3545000||15408000|118433000|31543000|19809000|86890000|84272000|138242000|153650000|86890000|VRSN
2013-03-31|USD|189193000|236447000|47254000|47254000|133264000|37753000|18176000|83643000||-11953000|643000|12596000||13000||15118000|114891000|30378000|12596000|84513000|84226000|127487000|142605000|84513000|VRSN
2012-12-31|USD|188156000|230196000|42040000|42040000|135355000|36777000|16059000|80625000||-11248000|1409000|12657000||-396000||15167000|135846000|30205000|12657000|101089000|-108535000|135355000|163670000|105641000|VRSN
2012-09-30|USD|182068000|223528000|41460000|41460000|116062000|50597000|15409000|78625000||-11976000|643000|12619000||386000||13379000|102792000|24882000|12619000|76819000|158299000|116062000|128790000|77910000|VRSN
2012-06-30|USD|171298000|214142000|42844000|42844000|106980000|49039000|15461000|76898000||-11975000|605000|12580000||-672000||13532000|92303000|23831000|12580000|68472000|68544000|106980000|118415000|68472000|VRSN
2012-03-31|USD|164470000|205726000|41256000|41256000|98930000|51323000|14765000|90621000||-12340000||12340000||227000||12741000|89301000|21292000|12340000|66105000|68009000|98930000|114382000|68009000|VRSN
2011-12-31|USD|161630000|203646000|42016000|42016000|92873000|52284000|13121000|39161000||-11275000|584000|11859000||-3742000||14251000|85811000|31997000|11859000|45329000|53914000|97670000|111921000|53814000|VRSN
2011-09-30|USD|155271000|196965000|41694000|41694000|88947000|49865000|13488000|78121000||-11034000|763000|11797000||-569000||13813000|81042000|22126000|11797000|58615000|57796000|92839000|106652000|58916000|VRSN
2011-06-30|USD|149177000|189844000|40667000|40667000|82059000|50385000|13074000|178974000||-110277000|1579000|111856000||1599000||13674000|-26577000|-15967000|111856000|-7681000|-10883000|85279000|98953000|-10610000|VRSN
2011-03-31|USD|140654000|181523000|40869000|40869000|65510000|56020000|13594000|100932000||-11820000||11820000||375000||13968000|57646000|16875000|11820000|42293000|40314000|69466000|83434000|40771000|VRSN
2010-12-31|USD|140564000|178829000|38265000|36088000|67486000|56390000|13181000|181381000||-126610000||121563000||-1917000||14276000|-55495000|-14990000|121563000|-31667000|-43415000|66068000|80344000|-40505000|VRSN
2010-09-30|USD|132535000|172286000|39751000|40266000|59872000|52094000|14468000|72934000||-10232000||12140000||-15000||13573000|792170000|7267000|12140000|45105000|774075000|804310000|817883000|784903000|VRSN
2010-06-30|USD|128035000|167881000|39846000|40590000|50822000|56139000|13738000|77502000||-9920000||11966000||-335000||17901000|51334000|16121000|11966000|26585000|40579000|63300000|81201000|35213000|VRSN
2010-03-31|USD|122768000|161582000|38814000|59729000|54103000|92454000|12277000|135104000||-11998000||11998000||246000||21905000|68280000|16924000|11998000|30009000|50735000|80278000|102183000|51356000|VRSN
2009-12-31|USD|118825000|155150000|36325000|71376000|49676000|95959000|12314000|109891000||||11874000|||21746000|-49516000|98039000|5991000||32768000|182729000|49676000|160000|92048000|VRSN
2009-09-30|USD|114648000|156807000|42159000|56736000|34088000|87649000|13245000|123017000||||11867000||-8669000|17205000|20317000|57743000|4132000||20900000|53611000|34088000|54405000|53611000|VRSN
2009-06-30|USD|111361000|154338000|42977000|57476000|42982000|88238000|12985000|111942000||||11805000||-10266000||20868000|50467000|15593000||16904000|34874000|42982000|63850000|34874000|VRSN
2009-03-31|USD|190678000|253557000|62879000|60308000|74857000|49148000|21783000|115198000||||11805000||||20530000|88220000|23200000||46822000||74857000|95387000|65020000|VRSN
2008-12-31|USD|178111000|236743000|-11653000|58632000|-104729000|85760000|-8778000|185597000||||22646000||||19819000|-115458000|-19536000||-11448000||-104729000|12333000|-95922000|VRSN
2008-09-30|USD|190172000|245934000|57265000|55880000|67173000|91194000|21764000|116396000||||11045000|||24431000|29676000|-192214000|8876000||41523000||67173000|94505000|-201090000|VRSN
2008-06-30|USD|217207000|242033000|55748000|86033000|-17039000|109776000|23540000|148162000||||10824000||||34764000|-77237000|-8059000||-14017000||-17039000|23371000|-69178000|VRSN
