fiscalDateEnding|reportedCurrency|grossProfit|totalRevenue|costOfRevenue|costofGoodsAndServicesSold|operatingIncome|sellingGeneralAndAdministrative|researchAndDevelopment|operatingExpenses|investmentIncomeNet|netInterestIncome|interestIncome|interestExpense|nonInterestIncome|otherNonOperatingIncome|depreciation|depreciationAndAmortization|incomeBeforeTax|incomeTaxExpense|interestAndDebtExpense|netIncomeFromContinuingOperations|comprehensiveIncomeNetOfTax|ebit|ebitda|netIncome|ticker
2024-09-30|USD|615769000|824804000|209035000|226545000|302739000|39750000||39750000|34947000|-118913000|34947000|11005000|113930000|||195046000|204067000|10857000|11005000|189215000|169309000|302739000|410118000|193210000|EXR
2024-06-30|USD|613761000|810663000|196902000|411342000|304761000|39901000||39901000|31226000|-116760000|31226000|10853000|113563000|||194809000|195716000|9844000|10853000|195412000|184922000|304761000|401378000|185872000|EXR
2024-03-31|USD|595021000|799539000|204518000|419989000|335828000|43722000||240688000|23573000|-132887000|23573000|132887000|111495000|||196966000|219854000|6742000|132887000|224074000|223868000|352741000|549707000|213112000|EXR
2023-12-31|USD|602735000|797774000|195039000|16233000|333468000|72192000||332099000|22250000|-129665000|22250000|129665000|100792000|||259907000|220455000|4321000|129665000|227407000|188657000|350120000|610027000|216134000|EXR
2023-09-30|USD|562840000|748034000|185194000|15043000|299792000|37406000||37406000|22092000|-122899000|22092000|122899000|97147000|||152338000|195294000|6944000|122899000|198856000|186197000|318193000|470531000|188350000|EXR
2023-06-30|USD|396749000|511386000|114637000|124119000|273339000|34842000||34842000|21077000|-86372000|21077000|86372000|70639000|34331000||79086000|208396000|5986000|86372000|215312000|214394000|294768000|373854000|202410000|EXR
2023-03-31|USD|385884000|503050000|117166000|126255000|263542000|34763000||113253000|19438000|-80099000|19438000|80099000|69088000|29743000||78490000|200612000|4308000|80099000|208878000|182587000|280711000|359201000|196304000|EXR
2022-12-31|USD|393747000|506718000|112971000|121182000|269570000|55248000||152983000|17248000|142231000|215153000|72922000|68622000|||97652000|209669000|5409000|-142231000|178051000|204537000|269570000|165090000|204260000|EXR
2022-09-30|USD|384325000|498902000|114577000|125347000|269857000|32275000||32275000|18125000|-56245000|18125000|56245000|70115000|29274000||71423000|227479000|6760000|56245000|236126000|243685000|283724000|355147000|220719000|EXR
2022-06-30|USD|370736000|474988000|104252000|111789000|275665000|31251000||32716000|15060000|-47466000|15060000|47466000|66944000|25250000||69067000|237745000|5615000|47466000|247834000|251228000|285211000|354278000|232130000|EXR
2022-03-31|USD|340020000|443562000|103542000|110584000|235310000|29762000||97668000|18989000|-42538000|18989000|42538000|63754000|28086000||67906000|206720000|3141000|42538000|217717000|252582000|249258000|317164000|203579000|EXR
2021-12-31|USD|333091000|427383000|94292000|102375000|311773000|46711000||116732000|12832000|117793000|12832000|-117793000|62841000|-10701000||70021000|272421000|3994000|-117793000|251500000|290036000|311773000|224649000|268427000|EXR
2021-09-30|USD|319698000|412492000|92794000|100303000|226278000|24395000||24395000|11729000|-39670000|11729000|39670000|61137000|19984000||61516000|195048000|6772000|39670000|199820000|195951000|234718000|296234000|188276000|EXR
2021-06-30|USD|289475000|378630000|89155000|95890000|196829000|26341000||26341000|12838000|-40240000|12838000|40240000|57130000|21160000||59570000|173369000|5421000|40240000|172328000|173298000|213609000|273179000|167948000|EXR
2021-03-31|USD|266490000|358857000|92367000|99528000|241073000|23540000||82139000|12304000|-40695000|12304000|40695000|55264000|19260000||58599000|207135000|4137000|40695000|215501000|224911000|247830000|306429000|202998000|EXR
2020-12-31|USD|264534000|353490000|88956000|94725000|195749000|52688000||112085000|8704000|109747000|8704000|-109747000|52406000|-6988000||59397000|159853000|3797000|-109747000|143948000|165671000|195749000|109503000|156056000|EXR
2020-09-30|USD|250702000|343024000|92322000|99511000|163207000|23894000||23894000|3145000|-42213000|34696000|42213000|52601000|7517000||56412000|119290000|4657000|42213000|123854000|125181000|161503000|217915000|114633000|EXR
2020-06-30|USD|238206000|327246000|89040000|95898000|149993000|25337000||25337000|1669000|-41039000|1669000|41039000|47934000|5480000||56018000|106088000|3177000|41039000|111257000|97495000|147127000|203145000|102911000|EXR
2020-03-31|USD|242155000|332452000|90297000|96975000|157191000|23011000||23011000|1674000|-44358000|1674000|44358000|45749000|5508000||55275000|110358000|2179000|44358000|116162000|23305000|154716000|209991000|108179000|EXR
2019-12-31|USD|248039000|335801000|87762000|95545000|164645000|45976000||52632000|1562000|118716000|1562000|-118716000|47128000|3172000||6656000|115010000|2728000|-118716000|164645000|126755000|164645000|2950000|112282000|EXR
2019-09-30|USD|248852000|337505000|88653000|96297000|162638000|22519000||22561000|2799000|-46908000|2799000|46908000|46588000|4317000||42000|112139000|4052000|46908000|115995000|92124000|159047000|159089000|108087000|EXR
2019-06-30|USD|242732000|323602000|80870000|87852000|159198000|23351000||23393000|1718000|-47448000|1718000|47448000|44018000|3654000||42000|107543000|2715000|47448000|112689000|65545000|154991000|155033000|104828000|EXR
2019-03-31|USD|232781000|311546000|78765000|85732000|148477000|22678000||22678000|1388000|-47360000|44504000|47360000|40543000|2856000||42000|96583000|1813000|47360000|102160000|71927000|143943000|143985000|94770000|EXR
2018-12-31|USD|235146000|307353000|72207000|79116000|156677000|34587000||43637000|1295000|-48197000||48197000|338202000|3937000||53126000|104629000|3167000|48197000|156677000|67750000|152826000|214902000|101462000|EXR
2018-09-30|USD|233301000|306953000|73652000|81372000|153591000|19707000||19707000|1371000|-45926000||45926000|296833000|3853000||52283000|133056000|2638000|45926000|139687000|135850000|178982000|210867000|130418000|EXR
2018-06-30|USD|223730000|296813000|73083000|78554000|144716000|21651000||21651000|1188000|-43347000||43347000|286649000|3441000||51892000|97250000|2097000|43347000|102713000|102812000|140597000|201225000|95153000|EXR
2018-03-31|USD|212732000|285485000|72753000|78360000|133912000|21464000||21464000|1438000|-40966000||40966000|274920000|3826000||51749000|89598000|1342000|40966000|95430000|110237000|130564000|190696000|88256000|EXR
2017-12-31|USD|214238000|281842000|67604000|72781000|141114000|33200000||47549000|1004000|-40319000||40319000|271702000|3652000||49157000|210454000|-5529000|40319000|141114000|231520000|250773000|195730000|215983000|EXR
2017-09-30|USD|213726000|284156000|70430000|76702000|139881000|19498000||17388000|869000|-39766000||39766000|274471000|3591000||48075000|96905000|3163000|39766000|101075000|94492000|136671000|193347000|93742000|EXR
2017-06-30|USD|208708000|276003000|67295000|71099000|136407000|21865000||21865000|826000|-37456000||37456000|265109000|3374000||46632000|89873000|2867000|37456000|94098000|81193000|127329000|188362000|87006000|EXR
2017-03-31|USD|196363000|263008000|66645000|70565000|124203000|18808000||18808000|1102000|-35970000||35970000|254348000|3412000||49432000|85406000|3124000|35970000|89734000|88328000|121376000|179529000|82282000|EXR
2016-12-31|USD|232718000|296840000|64122000|67332000|123184000|31222000||52355000|1451000|-35824000||35824000|251367000|3269000||49158000|87246000|4843000|35824000|123184000|140267000|123070000|185841000|82403000|EXR
2016-09-30|USD|632977000|695318000|62341000|66434000|122724000|19537000||19537000|1358000|-33494000||33494000|247178000|3740000||46555000|122554000|4466000|33494000|89717000|130839000|156048000|214917000|118088000|EXR
2016-06-30|USD|594277000|656707000|62430000|66371000|110302000|20512000||20512000|1625000|-32802000||32802000|233445000|3743000||43950000|86817000|3773000|32802000|90040000|65138000|119619000|163585000|83044000|EXR
2016-03-31|USD|556463000|617575000|61112000|65423000|93628000|23402000||23402000|1714000|-31359000||31359000|220043000|3311000||42897000|85357000|2765000|31359000|62484000|53005000|116716000|173258000|82592000|EXR
2015-12-31|USD|225759000|225759000|59634000|62848000|40309000|26677000||38372000|1821000|-30629000||30629000|215567000|4006000||40766000|11829000|3154000|30629000|40309000|23135000|42458000|151103000|8675000|EXR
2015-09-30|USD|487130000|536008000|48878000|52486000|97304000|16716000||16716000|356000|-20811000||20811000|188774000|2954000||30711000|75279000|3561000|20811000|78200000|52725000|96090000|133267000|71718000|EXR
2015-06-30|USD|454228000|502437000|48209000|51492000|81607000|16655000||16655000|428000|-22811000||22811000|178364000|2733000||31552000|57524000|2185000|22811000|60956000|61320000|80335000|122354000|55339000|EXR
2015-03-31|USD|418777000|466021000|47244000|50172000|75436000|16249000||16249000|856000|-21431000||21431000|165404000|2809000||30428000|55990000|2248000|21431000|55779000|47426000|77421000|114309000|53742000|EXR
2014-12-31|USD|167367000|167367000|43346000|45640000|69916000|25059000||38055000|440000|-20393000||20393000|160136000|2502000||29181000|47355000|2233000|20393000|69916000|39903000|67748000|109637000|45122000|EXR
2014-09-30|USD|408116000|451410000|43294000|46224000|77493000|13966000||13966000|186000|-20681000||20681000|160054000|2284000||29249000|53222000|-1006000|20681000|58815000|55890000|73903000|111732000|54228000|EXR
2014-06-30|USD|228281000|270575000|42294000|44930000|70661000|14985000||43428000|712000|-20658000||20658000|138778000|2653000||1595000|45178000|3513000|20658000|42570000|36210000|65836000|67431000|41665000|EXR
2014-03-31|USD|221101000|264583000|43482000|46049000|60398000|15302000||36541000|269000|-19598000||19598000|132001000|2026000||1641000|40170000|2830000|19598000|41209000|34712000|59768000|61409000|37340000|EXR
2013-12-31|USD|141934000|141934000|37737000|39774000|57315000|20277000||51020000|230000|-19638000||19638000|123498000|2644000||13864000|79777000|2837000|19638000|57315000|83950000|99415000|113279000|76940000|EXR
2013-09-30|USD|187199000|221575000|34376000|37249000|56064000|13943000||39360000|202000|-16264000||16264000|104728000|-6380000||1163000|31526000|2281000|16264000|32352000|27283000|47790000|48953000|29245000|EXR
2013-06-30|USD|182562000|216024000|33462000|35664000|53375000|13739000||32101000|133000|-18362000||18362000|107340000|3734000||1525000|37324000|2858000|18362000|37101000|52333000|55686000|57211000|34466000|EXR
2013-03-31|USD|170442000|204879000|34437000|36347000|46729000|12769000||30135000|184000|-17366000||17366000|102923000|2807000||1510000|33433000|2008000|17366000|31375000|32939000|50799000|52309000|31425000|EXR
2012-12-31|USD|113667000|113667000|31305000|34523000|43112000|18736000|3564000|39111000|632000|-19502000||19502000|97681000|-1786000||873000|37249000|1173000|19502000|43112000|36759000|56751000|57624000|36076000|EXR
2012-09-30|USD|155318000|185433000|30115000|31494000|43484000|12559000|2486000|30982000|461000|-18423000||18423000|94065000|3315000||1646000|40262000|1656000|18423000|27933000|35175000|58685000|60331000|38606000|EXR
2012-06-30|USD|132369000|158381000|26012000|27436000|37875000|12545000|469000|28399000|448000|-15854000||15854000|79284000|3146000||1124000|24047000|1634000|15854000|24745000|19030000|39901000|41025000|22413000|EXR
2012-03-31|USD|122164000|148760000|26596000|28444000|32770000|12640000|609000|32957000|275000|-18071000||18071000|75844000|7556000||2246000|21164000|950000|18515000|17089000|20008000|39235000|41481000|20214000|EXR
2011-12-31|USD|93212000|93212000|25155000|26705000|34379000|19245000|731000|41115000|471000|-17870000||17870000|73460000|1245000||1863000|16830000|552000|16562000|34379000|16161000|34700000|36563000|16278000|EXR
2011-09-30|USD|112546000|136816000|24270000|25866000|31215000|12306000|346000|29062000|185000|-16756000||16756000|69475000|1618000||1487000|15199000|-62000|17196000|17352000|13878000|31955000|33442000|15261000|EXR
2011-06-30|USD|103367000|126079000|22712000|24094000|25852000|12432000|1570000|28693000|189000|-16261000||16261000|64300000|2125000||1131000|11020000|411000|16701000|12517000|8851000|27281000|28412000|10609000|EXR
2011-03-31|USD|34723000|58067000|23344000|24959000|24030000|11658000|249000|29174000|182000|-16414000||16414000|61490000|1565000||1102000|8555000|254000|16842000|10140000|9410000|24969000|26071000|8301000|EXR
2010-12-31|USD|73154000|73154000|21934000|24023000|23585000|11525000|812000|27463000|184000|-14907000||14907000|60186000|||1031000|9731000|815000|15335000|23585000|-10539000|24638000|25669000|8916000|EXR
2010-09-30|USD|34943000|56277000|21334000|21334000|23561000|10618000|211000|26320000|178000|-15702000||15702000|59332000|1498000||976000|8755000|1088000|16118000|9482000|7667000|24457000|25433000|7667000|EXR
2010-06-30|USD|31603000|52544000|20941000|20941000|22806000|11229000|142000|27462000|211000|-16233000||16233000|56786000|1354000||12202000|7394000|1214000|16649000|7925000|6180000|23627000|36431000|6180000|EXR
2010-03-31|USD|45631000|67587000|21956000|21956000|20863000|12279000|70000|24768000||||17274000||||12419000|4613000|1045000||||21887000|34820000|3568000|EXR
2009-12-31|USD|49306000|70850000|21479000|21544000|24373000|11584000|106000|24933000||||18271000||||13243000|7915000|1983000||||26186000|34024000|5932000|EXR
2009-09-30|USD|48282000|71304000|23022000|23022000|23217000|11246000|22000|25065000||||17697000||||13797000|6693000|726000||||24390000|40224000|5967000|EXR
2009-06-30|USD|46101000|69068000|21567000|22967000|2374000|12086000|18801000|43727000||||15816000||||12840000|-6598000|943000||||9218000|19248000|-7541000|EXR
