fiscalDateEnding|reportedCurrency|grossProfit|totalRevenue|costOfRevenue|costofGoodsAndServicesSold|operatingIncome|sellingGeneralAndAdministrative|researchAndDevelopment|operatingExpenses|investmentIncomeNet|netInterestIncome|interestIncome|interestExpense|nonInterestIncome|otherNonOperatingIncome|depreciation|depreciationAndAmortization|incomeBeforeTax|incomeTaxExpense|interestAndDebtExpense|netIncomeFromContinuingOperations|comprehensiveIncomeNetOfTax|ebit|ebitda|netIncome|ticker
2024-12-31|USD|7923400000|13532800000|5609400000|2403800000|1513400000|2424500000|3211700000|6410000000|44300000|-180400000|44300000|180400000||-25500000||466800000|5038700000|628900000|224700000|4409800000|4362700000|1513400000|6148800000|4409800000|LLY
2024-09-30|USD|7202300000|11439100000|4236800000|2170800000|-543200000|2099800000|5564100000|7745500000|47800000|-144900000|47800000|192700000||-20900000||466800000|1588400000|618100000|192700000|970300000|1074000000|-543200000|2247900000|970300000|LLY
2024-06-30|USD|6694700000|11302800000|4608100000|2170200000|1276900000|2117300000|2865500000|5417800000|37300000|-146300000|37300000|183600000||-7800000||414400000|3517200000|550200000|183600000|2967000000|2888000000|1276900000|4115200000|2967000000|LLY
2024-03-31|USD|5258400000|8768000000|3509600000|1673500000|672900000|1952200000|2633300000|4585500000|45800000|-179600000|45800000|179600000||28800000||400600000|2536100000|293200000|179600000|2242900000|2270400000|2715700000|3116300000|2242900000|LLY
2023-12-31|USD|5182500000|9353400000|4170900000|1788000000|-472900000|1924600000|3182500000|5655400000|44500000|-138200000|44500000|138200000||-21600000||387700000|2508800000|319100000|138200000|2189700000|1647600000|2647000000|3034700000|2189700000|LLY
2023-09-30|USD|5950100000|9498600000|3548500000|1860100000|-1242900000|1803900000|5389100000|7193000000|48900000|-124600000|138600000|124600000||-100000||411000000|427200000|484600000|124600000|-57400000|-53600000|551800000|6400600000|-57400000|LLY
2023-06-30|USD|4694900000|8312100000|3617200000|1807400000|413000000|1925400000|2356500000|4281900000|46000000|-120300000|46000000|120300000||-13200000||122085|2088900000|325700000|120300000|1763200000|1751800000|2209200000|2319900000|1763200000|LLY
2023-03-31|USD|3699900000|6960000000|3260100000|1626700000|-34400000|1749200000|1985100000|3734300000|34200000|-102800000|68600000|102800000||2200000||41584|1529700000|184800000|102800000|1344900000|1412200000|1632500000|1704000000|1344900000|LLY
2022-12-31|USD|3585600000|7301800000|3716200000|1548100000|-671300000|1643200000|1995900000|4256900000|25500000|-84000000|58500000|84000000|0|-31300000||54880|2096400000|158700000|84000000|1937700000|2388900000|2180400000|2392800000|1937700000|LLY
2022-09-30|USD|3634200000|6941600000|3307400000|1579100000|10600000|1614200000|1802900000|3623600000|20100000|-81500000|20100000|81500000|0|-18700000||27081|1565500000|113800000|81500000|1451700000|1443600000|1647000000|2402100000|1451700000|LLY
2022-06-30|USD|3526700000|6488000000|2961300000|1430500000|119700000|1625100000|1781900000|3407000000|10200000|-81200000|10200000|81200000||-23600000||86065|1090900000|138400000|81200000|952500000|890100000|1172100000|2080300000|952500000|LLY
2022-03-31|USD|4273300000|7810000000|3536700000|2072100000|1105300000|1557900000|1610100000|3168000000|7000000|-84900000|7000000|84900000||59300000||60459|2053600000|150700000|84900000|1902900000|2020700000|2138500000|2735500000|1902900000|LLY
2021-12-31|USD|3697000000|7999900000|4302900000|2050200000|-587700000|1592000000|1898300000|4284700000|7400000|-81400000|74000000|81400000|0|17300000||71391|1839900000|113800000|81400000|1726100000|3555700000|1921300000|2879400000|1726100000|LLY
2021-09-30|USD|3836700000|6772800000|2936100000|1430800000|549900000|1577900000|1705300000|3286800000|7000000|-83600000|76600000|83600000|-405200000|20100000||54000|1245300000|135200000|488800000|1110100000|1224500000|1328900000|2229200000|1110100000|LLY
2021-06-30|USD|3172300000|6740100000|3567800000|1953200000|-186200000|1685700000|1655000000|3358500000|5400000|-86900000|5400000|86900000||-14500000||55806|1593900000|203700000|86900000|1390200000|1498700000|1680800000|1859700000|1390200000|LLY
2021-03-31|USD|3212800000|6805600000|3592800000|1878600000|-259600000|1576000000|1672100000|3472400000|5500000|-87800000|5500000|87800000||28500000||55213|1476400000|121100000|87800000|1355300000|1456100000|1564200000|2177100000|1355300000|LLY
2020-12-31|USD|3825500000|7440000000|3614500000|1719800000|35500000|1553900000|1728600000|3790000000|5800000|-89200000|83400000|89200000|0|-34000000||55131|2469100000|352300000|89200000|2116800000|2175500000|2558300000|2664500000|2116800000|LLY
2020-09-30|USD|2857700000|5740600000|2882900000|1326400000|-278200000|1569100000|1465400000|3135900000|5800000|-89600000|83800000|89600000|0|-13000000||52750|1437200000|228800000|89600000|1208400000|1336200000|1526800000|1481100000|1208400000|LLY
2020-06-30|USD|2864700000|5499400000|2634700000|1222000000|25900000|1448600000|1390200000|2838800000|7100000|-88300000|7100000|88300000|0|-84600000||51116|1643700000|231700000|88300000|1412000000|1615000000|1732000000|1680400000|1412000000|LLY
2020-03-31|USD|3079800000|5859800000|2780000000|1215100000|78200000|1549600000|1392100000|3001600000|14300000|-92500000|14300000|92500000|0|-63900000||47300|1679900000|223400000|92500000|1456500000|1094200000|1772400000|1815200000|1456500000|LLY
2019-12-31|USD|4679700000|6114000000|1434300000|1282600000|1400200000|1698100000|1581400000|3279500000|13200000|-95900000|13200000|95900000|-3933000000|-164900000||46467|1663100000|167400000|348400000|1495700000|1495700000|1759000000|1703600000|1495700000|LLY
2019-09-30|USD|2941500000|5476600000|2535100000|1175000000|148300000|1412300000|1380900000|2793200000|17300000|-107400000|17300000|107400000|0|13000000||44646|1405800000|151900000|107400000|1253900000|1119900000|1513200000|1586100000|1253900000|LLY
2019-06-30|USD|2975300000|5636700000|2661400000|1124900000|-13200000|1586300000|1402200000|2988500000|19400000|-110900000|19400000|110900000|0|9300000||40963|1465900000|138700000|110900000|1327200000|1414200000|1576800000|1548300000|1327200000|LLY
2019-03-31|USD|2068400000|5092200000|3023800000|1138700000|-1103100000|1517100000|1230500000|2747600000|30600000|-86500000|104800000|86500000|3680500000|86000000||40374|4411600000|170000000|86500000|561100000|4294300000|4498100000|1766700000|4241600000|LLY
2018-12-31|USD|4598900000|5637600000|1839700000|1129900000|1283600000|1693600000|1391800000|3085500000|42500000|-78200000|-21000000|57200000|242100000|-19100000||345500000|935200000|-189800000|-163900000|1125100000|1125100000|992400000|2105000000|1125000000|LLY
2018-09-30|USD|2862600000|5306900000|3199300000|1152900000|-180600000|1457200000|1280900000|2738100000|32100000|-69400000|-8600000|60800000|0|-35700000||415500000|1397000000|247500000|69400000|1149500000|1809700000|1457800000|2009200000|1149500000|LLY
2018-06-30|USD|2979300000|5585000000|3375900000|1234300000|-81900000|1485600000|1271000000|2756600000|41200000|-63300000||63300000|0|13900000||425200000|13400000|273300000|63300000|-259900000|-931100000|76700000|3364600000|-259900000|LLY
2018-03-31|USD|2550400000|4963800000|3149600000|1164600000|-204800000|1338700000|1107500000|2446200000|45500000|-61200000||61200000|0|29200000||422800000|1415900000|198500000|61200000|1217400000|1603700000|1477100000|2003300000|1217400000|LLY
2017-12-31|USD|3532700000|6160700000|2628000000|1644900000|279000000|1105800000|1225800000|3290400000|52700000|-62900000||62900000||66300000||411900000|284100000|1941000000|62900000|-1656900000|-1656900000|347000000|2335400000|-1656900000|LLY
2017-09-30|USD|2129900000|5658000000|3528100000|1586300000|-1151500000|1578500000|1340000000|2918500000|45100000|-61900000||61900000||2900000||372900000|591600000|36000000|61900000|555600000|723300000|653500000|1828500000|555600000|LLY
2017-06-30|USD|2515300000|5824300000|3309000000|1571700000|-493000000|1730400000|1272100000|3002500000|36900000|-53600000||53600000||12800000||395600000|1260500000|252500000|53600000|1008000000|1292800000|1314100000|1364400000|1008000000|LLY
2017-03-31|USD|2142000000|5228300000|3086300000|1347900000|-854900000|1567700000|1258300000|2826000000|32600000|-46600000||46600000||29100000||386900000|61200000|172000000|46600000|-110800000|87900000|107800000|2189100000|-110800000|LLY
2016-12-31|USD|4146900000|5760500000|1613600000|1521200000|906200000|1866100000|1517000000|3240700000|31900000|-51400000||51400000|0|35300000||344600000|892000000|120200000|51400000|892000000|-196300000|943400000|1231400000|771800000|LLY
2016-09-30|USD|2179900000|5191700000|3011800000|1400900000|-667400000|1565400000|1236400000|2801800000|29100000|-47200000||47200000|0|45300000||392800000|970700000|192700000|47200000|778000000|891500000|1017900000|1034500000|778000000|LLY
2016-06-30|USD|2259200000|5404800000|3145600000|1465000000|-757300000|1622600000|1335900000|2958500000|23500000|-43200000||43200000|0|40900000||373700000|944500000|196800000|43200000|747700000|641200000|987700000|1039300000|747700000|LLY
2016-03-31|USD|1936800000|4865100000|2928300000|1323000000|-889500000|1473900000|1221000000|2694900000|24200000|-43400000||43400000|-203900000|74100000||385500000|566800000|126700000|43400000|440100000|756100000|610200000|978600000|440100000|LLY
2015-12-31|USD|3841500000|5375600000|1534100000|1389200000|598900000|1798400000|1444200000|3242600000|23800000|-44200000||44200000|0|65100000||170100000|444600000|-33800000|44200000|444600000|564700000|488800000|658900000|478400000|LLY
2015-09-30|USD|1950600000|4959700000|3009100000|1236900000|-965000000|1575700000|1143400000|2719100000|21200000|-39300000||39300000|0|104600000||154100000|1047800000|248100000|39300000|799700000|535900000|1087100000|1241200000|799700000|LLY
2015-06-30|USD|1899100000|4978700000|3079600000|1218400000|-1131600000|1635400000|1169500000|2804900000|20600000|-36800000||36800000|-166700000|59600000|216600000|153400000|679700000|78900000|203500000|600800000|855100000|716500000|869900000|600800000|LLY
2015-03-31|USD|1666300000|4644700000|2978400000|1192700000|-1158700000|1523500000|1039300000|2562800000|21400000|-40900000||40900000|0|112200000|204800000|154200000|617900000|88400000|40900000|529500000|-136200000|658800000|813000000|529500000|LLY
2014-12-31|USD|3467200000|5121300000|1654100000|1253100000|481600000|1799900000|1185700000|2985600000|24200000|-37400000||37400000|0|150400000||136000000|513600000|85100000|37400000|513600000|-1011700000|551000000|687000000|428500000|LLY
2014-09-30|USD|1766200000|4875600000|3109400000|1267000000|-1319400000|1672100000|1243200000|2915300000|28800000|-38100000||38100000|0|102800000||134000000|655500000|154900000|38100000|500600000|-115700000|693600000|827600000|500600000|LLY
2014-06-30|USD|1947900000|4935600000|2987700000|1189700000|-1045500000|1663900000|1195400000|2859300000|33600000|-35500000||35500000|0|55700000|216300000|134100000|940400000|206900000|35500000|733500000|755500000|975900000|1110000000|733500000|LLY
2014-03-31|USD|1812200000|4683100000|2870900000|1222700000|-945300000|1484900000|1109300000|2594200000|34400000|-37800000||37800000||59400000|220000000|131900000|890800000|162900000|37800000|727900000|773300000|928600000|1060500000|727900000|LLY
2013-12-31|USD|4386900000|5808800000|1421900000|1386500000|957900000|1953600000|1475400000|3429000000|34200000|-39700000||39700000||14600000||131500000|909900000|182400000|39700000|909900000|2288900000|949600000|1081100000|727500000|LLY
2013-09-30|USD|2789900000|5772600000|2982700000|1198100000|-372100000|1652400000|1377400000|3029800000|32200000|-39800000||39800000||-23700000||132200000|1513400000|310300000|39800000|1203100000|1587700000|1553200000|1685400000|1203100000|LLY
2013-06-30|USD|2688200000|5929700000|3241500000|1165200000|-718500000|1867600000|1330400000|3198000000|29700000|-40300000||40300000||22500000||145200000|1514900000|308700000|40300000|1206200000|1271900000|1555200000|1700400000|1206200000|LLY
2013-03-31|USD|2623900000|5602000000|2978100000|1158300000|-579200000|1652000000|1348100000|3000100000|23600000|-40300000||40300000||50500000||146100000|1951100000|403100000|40300000|1548000000|1330700000|1991400000|2137500000|1548000000|LLY
2012-12-31|USD|4505000000|5957300000|1452300000|1248300000|1064400000|1977500000|1463100000|3440600000|26000000|-42500000||42500000||-35500000||141300000|1012400000|185200000|42500000|1012400000|566100000|1054900000|1196200000|827200000|LLY
2012-09-30|USD|2429000000|5443300000|3014300000|1203600000|-758900000|1757400000|1342800000|3100200000|25700000|-47000000||47000000||22000000||140800000|1874700000|548100000|47000000|1326600000|1724900000|1921700000|2062500000|1326600000|LLY
2012-06-30|USD|2522900000|5600700000|3077800000|1146700000|-763700000|1931100000|1320700000|3251800000|27200000|-43000000||43000000||-700000||133100000|1185700000|262100000|43000000|923600000|538600000|1228700000|1361800000|923600000|LLY
2012-03-31|USD|2532800000|5602000000|3069200000|1197900000|-520900000|1847500000|1151500000|2999000000|26100000|-45300000||45300000||-26800000||147700000|1335300000|324200000|45300000|1011100000|1320500000|1380600000|1528300000|1011100000|LLY
2011-12-31|USD|2423900000|6046600000|3622700000|1321700000|-1622500000|2133400000|1355300000|4096500000|24400000|-50100000||50100000||-1100000||318900000|1041800000|183600000|50100000|858200000|-494500000|1091900000|1405000000|858200000|LLY
2011-09-30|USD|2866800000|6147900000|3281100000|1338100000|-393600000|1917800000|1280900000|3305400000|22200000|-45000000||45000000||-60600000||358200000|1502500000|266200000|45000000|1236300000|740300000|1547500000|1611100000|1236300000|LLY
2011-06-30|USD|2849500000|6252800000|3403300000|1228000000|-622700000|2043000000|1260600000|3517300000|17800000|-45100000||45100000||-30300000||355600000|1531300000|334000000|45100000|1197300000|1376200000|1576400000|1883800000|1197300000|LLY
2011-03-31|USD|2797100000|5839200000|3042100000|1180100000|-226800000|1785700000|1124000000|3069700000|15500000|-45800000||45800000||19100000||340900000|1273900000|218000000|45800000|1055900000|1537200000|1319700000|2194600000|1055900000|LLY
2010-12-31|USD|2887100000|6187000000|3299900000|1232200000|-1013800000|1988700000|1438100000|3573100000|-89800000|327800000|371000000|43200000||-10200000||338500000|1409600000|240000000|-327800000|1169600000|1029300000|1452800000|1880500000|1169600000|LLY
2010-09-30|USD|2912800000|5654800000|2742000000|987600000|-108200000|1694900000|1219800000|3068200000|16300000|-47200000||47200000||9200000||344700000|1671300000|368400000|47200000|1302900000|2080800000|1718500000|2113500000|1302900000|LLY
2010-06-30|USD|2942100000|5748700000|2806600000|1023900000|-82200000|1755400000|1187200000|3071800000|11000000|-47500000||47500000||18100000||345600000|1736500000|387600000|47500000|1348900000|818200000|1784000000|2138800000|1348900000|LLY
2010-03-31|USD|2722400000|5485500000|2763100000|1122500000|42700000|1614400000|1039100000|2679700000|10600000|-47600000||47600000||111500000||299400000|1707800000|459700000|47600000|1248100000|943100000|1755400000|2019500000|1248100000|LLY
2009-12-31|USD|2511700000|5934200000|3422500000|1431300000|-696200000|1953300000|1216700000|3207900000|-136600000|472400000|522600000|50200000||-31400000||375800000|1137200000|221800000|-472400000|915400000|618900000|1187400000|1722500000|915400000|LLY
2009-09-30|USD|2258500000|5562000000|3303500000|1051900000|-1115200000|1701800000|1122100000|3373700000|15200000|-59200000||59200000||-22900000||309700000|1069500000|127700000|59200000|941800000|1233200000|1128700000|2011100000|941800000|LLY
2009-06-30|USD|2532200000|5292800000|2760600000|947400000|-321400000|1708200000|1040400000|2853600000|18800000|-64300000||64300000||21400000||306000000|1467700000|309200000|64300000|1158500000|1822000000|1532000000|1470400000|1158500000|LLY
2009-03-31|USD|4230600000|5047000000|816400000|816400000|1754100000|1529200000|947300000|2476500000||||87600000||-70700000||306300000|1683400000|370300000|||969600000|1781500000|2087800000|1313100000|LLY
2008-12-31|USD|4295100000|5204400000|915400000|915400000|1509200000|1726600000|1059300000|2785900000||||91100000||63600000||280300000|-3337400000|292000000|||-6020300000|6327800000|6608100000|-3629400000|LLY
2008-09-30|USD|4054300000|5209500000|1155200000|1155200000|1452100000|1649200000|953000000|2602200000||||54500000||-2500000||283300000|-232800000|232800000|||-1075600000|3146200000|3429500000|-465600000|LLY
2008-06-30|USD|3949500000|5150400000|1200900000|1200900000|1297900000|1700100000|951500000|2651600000||||56000000||-32300000||281500000|1206300000|247500000|||965900000|1394200000|1675700000|958800000|LLY
