fiscalDateEnding|reportedCurrency|grossProfit|totalRevenue|costOfRevenue|costofGoodsAndServicesSold|operatingIncome|sellingGeneralAndAdministrative|researchAndDevelopment|operatingExpenses|investmentIncomeNet|netInterestIncome|interestIncome|interestExpense|nonInterestIncome|otherNonOperatingIncome|depreciation|depreciationAndAmortization|incomeBeforeTax|incomeTaxExpense|interestAndDebtExpense|netIncomeFromContinuingOperations|comprehensiveIncomeNetOfTax|ebit|ebitda|netIncome|ticker
2024-09-30|USD|593800000|994200000|706800000|400400000|152000000|306400000|135400000|441800000|32000000|27300000|32000000|3700000|994200000|25400000||55300000|177400000|42800000|4700000|134600000|236000000|152000000|237400000|134600000|DXCM
2024-06-30|USD|626700000|1004300000|710300000|377600000|158000000|332700000|136000000|468700000|36200000|31400000|36200000|3800000|1004300000|29800000||52100000|187800000|44300000|4800000|143500000|142800000|158000000|244700000|143500000|DXCM
2024-03-31|USD|561900000|916400000|678400000|359100000|101100000|319300000|141500000|460800000|36300000|-4600000|36300000|4600000|921000000|31400000||52500000|132500000|-13900000|4600000|146400000|125800000|137100000|189600000|146400000|DXCM
2023-12-31|USD|656600000|1030800000|696100000|377900000|216900000|308800000|136100000|439700000|33800000|-4900000|33800000|4900000|1035700000|30300000||9400000|246200000|-10100000|4900000|256300000|275200000|251100000|260500000|256300000|DXCM
2023-09-30|USD|623300000|970100000|638100000|351700000|205500000|286400000|131400000|417800000|41500000|-4900000|41500000|4900000|975000000|34900000||1700000|240400000|119700000|4900000|120700000|114400000|245300000|247000000|120700000|DXCM
2023-06-30|USD|546400000|865400000|623900000|324900000|128100000|299000000|119300000|418300000|37400000|-5900000|37100000|5900000|871300000|31200000||1700000|159300000|43400000|5900000|115900000|93100000|165200000|166900000|115900000|DXCM
2023-03-31|USD|462600000|736900000|575300000|278900000|47200000|296400000|119000000|415400000|22300000|-4600000|21900000|4600000|741500000|17300000||1800000|64500000|15900000|4600000|48600000|53700000|69100000|70900000|48600000|DXCM
2022-12-31|USD|541300000|808300000|608400000|273900000|125400000|297800000|116300000|415900000|13400000|-4700000|12500000|4700000|813000000|26400000||7400000|133200000|41400000|4700000|91800000|121300000|137900000|145300000|91800000|DXCM
2022-09-30|USD|494200000|765000000|511800000|275400000|147500000|234600000|110300000|346700000|5700000|-4600000|3300000|4600000|769600000|-1300000||1800000|146200000|45000000|4600000|101200000|83100000|150800000|152600000|101200000|DXCM
2022-06-30|USD|449500000|691500000|497500000|246700000|77000000|248900000|121700000|372500000||-4700000|3000000|4700000|696200000|3000000||1900000|75300000|24400000|4700000|50900000|34000000|80000000|81900000|50900000|DXCM
2022-03-31|USD|398100000|624400000|451600000|230700000|41300000|218900000|135900000|356800000||-4600000||4600000|629000000|-800000||2000000|36100000|-61200000|4600000|97300000|90700000|40700000|42700000|97300000|DXCM
2021-12-31|USD|472600000|659400000|464800000|225600000|600000|233700000|149800000|472000000||-25200000|-20500000|4700000|684600000|-1000000||1800000|6400000|11700000|25900000|-19400000|-6200000|11100000|12900000|-5300000|DXCM
2021-09-30|USD|446900000|624300000|403100000|203300000|118300000|198500000|128800000|328600000||-25100000|-20500000|4600000|649400000|-1700000||1300000|112000000|24700000|25900000|70900000|85900000|116600000|117900000|87300000|DXCM
2021-06-30|USD|417100000|569900000|365000000|178000000|101000000|186500000|129100000|316100000||-25200000|-20400000|4800000|595100000|900000||500000|97100000|18700000|25200000|62900000|78300000|101900000|102400000|78400000|DXCM
2021-03-31|USD|343900000|480200000|349700000|161100000|45900000|188600000|109400000|298000000||-24800000|-20100000|4700000|505000000|100000||500000|41300000|-15200000|24800000|40300000|56200000|46000000|46500000|56500000|DXCM
2020-12-31|USD|399100000|532100000|347700000|169800000|104000000|173400000|119200000|295100000||-24600000|-67000000|-42400000|556700000|1900000||20400000|154200000|-257100000|24600000|355200000|411700000|111800000|126300000|411300000|DXCM
2020-09-30|USD|340400000|476000000|319100000|160500000|94100000|158600000|87700000|246300000||-24400000|5900000|24400000|500400000|5900000||18400000|75100000|2900000|24900000|72200000|71500000|99500000|118400000|72200000|DXCM
2020-06-30|USD|284100000|426100000|304100000|167700000|67800000|136400000|79900000|216300000||-20300000|4100000|20300000|446400000|4100000||15300000|46200000|-100000|25700000|46300000|46100000|66500000|71900000|46300000|DXCM
2020-03-31|USD|256500000|389700000|298400000|148600000|33600000|149800000|73100000|222900000||-15400000|4200000|15400000|405100000|4200000||13000000|22400000|2500000|15400000|19900000|21300000|37800000|50800000|19900000|DXCM
2019-12-31|USD|309300000|462800000|290800000|153500000|101500000|129000000|78800000|207800000||-15300000|8100000|15300000|462800000|8100000||300000|94300000|1600000|15300000|101500000|94000000|109600000|109900000|92700000|DXCM
2019-09-30|USD|246900000|381200000|273900000|149400000|56000000|124200000|66700000|190900000||-15100000|4900000|15100000|396300000|4900000||300000|45800000|0|15100000|45800000|44800000|60900000|61200000|45800000|DXCM
2019-06-30|USD|206500000|321400000|268400000|129900000|-800000|138300000|69000000|207300000||-15000000|6500000|15000000|336400000|6500000||200000|-9300000|1200000|15000000|-10500000|-10100000|5700000|5900000|-10500000|DXCM
2019-03-31|USD|168800000|261400000|235900000|111700000|-14400000|124200000|59000000|183200000|6900000|-14900000|6900000|14900000|276300000|6900000||300000|-26600000|300000|14900000|-26900000|-26800000|-11700000|-11400000|-26900000|DXCM
2018-12-31|USD|222800000|338000000|227300000|115200000|-164600000|112100000|57600000|387400000||-8200000||8200000|338000000|800000||8600000|-176900000|2800000|8200000|-164600000|-177900000|-168700000|-168700000|-179700000|DXCM
2018-09-30|USD|168600000|266700000|98100000|98100000|13900000|104600000|50100000|154700000|2500000|-4900000||4900000|301600000|900000||7800000|44800000|-1800000|4900000|46600000|47600000|49700000|57500000|46600000|DXCM
2018-06-30|USD|153600000|242500000|88900000|88900000|-4900000|111300000|47200000|158500000|2200000|-4800000||4800000|242500000|-3400000||6700000|29600000|-600000|4800000|30200000|33800000|34400000|41100000|30200000|DXCM
2018-03-31|USD|118900000|184400000|65500000|65500000|-30700000|104800000|44800000|149600000|1500000|-4800000||4800000|184400000|2600000||6000000|-24000000|200000|4800000|-24200000|-26500000|-19200000|-19200000|-24200000|DXCM
2017-12-31|USD|153500000|221000000|67500000|67500000|12000000|92800000|48700000|141500000|1400000|-4700000||4700000|221000000|3200000|16100000|4200000|-7800000|1600000|4700000|12000000|-9800000|-3100000|13300000|-9400000|DXCM
2017-09-30|USD|127000000|184600000|57600000|57600000|-500000|84200000|43300000|127500000|1200000|-4500000||4500000|184600000|1300000||4300000|-2500000|-500000|4500000|-2000000|-2600000|2000000|6300000|-2000000|DXCM
2017-06-30|USD|117500000|170600000|53100000|53100000|-13600000|85800000|45300000|131100000|500000|-3100000||3100000|170600000|1800000||3900000|-14400000|-17300000|3100000|2900000|2600000|-11300000|-7400000|2900000|DXCM
2017-03-31|USD|94100000|142300000|48200000|48200000|-40400000|86400000|48100000|134500000|200000|-500000||500000|142300000|400000||3700000|-40300000|1400000|500000|-41700000|-42000000|-39800000|-36100000|-41700000|DXCM
2016-12-31|USD|116700000|171200000|54500000|54500000|-6100000|79100000|43700000|122800000|100000|-300000||300000|573700000|-700000||3600000|-7000000|400000|300000|-6100000|-7700000|-6700000|-6700000|-7400000|DXCM
2016-09-30|USD|101100000|148600000|47500000|47500000|-18500000|75700000|43900000|119600000|100000|-200000||200000||0||4100000|-18600000|200000|200000|-18800000|-18800000|-18400000|-14300000|-18800000|DXCM
2016-06-30|USD|85500000|137300000|51800000|51800000|-20100000|69300000|36300000|105600000|100000|-100000||100000||0||3900000|-20100000|100000|100000|-20200000|-20600000|-20000000|-16100000|-20200000|DXCM
2016-03-31|USD|75100000|116200000|41100000|41100000|-19200000|62100000|32200000|94300000|100000|-100000||100000||0||3400000|-19200000|0|100000|-19200000|-19200000|-19100000|-15700000|-19200000|DXCM
2015-12-31|USD|91200000|130800000|39600000|39600000|1600000|61100000|28500000|89600000||0||0||||3100000|1600000|100000|0|1600000|1500000|1600000|1600000|1500000|DXCM
2015-09-30|USD|74700000|105200000|30500000|30500000|-42400000|52300000|64800000|117100000||-100000||100000|-100000|||2700000|-42500000|0|100000|-42400000|-42500000|-42400000|-39700000|-42500000|DXCM
2015-06-30|USD|66000000|93200000|27200000|27200000|-3600000|45200000|24400000|69600000||-100000||100000|0|||2600000|-3700000|0|100000|-3600000|-3700000|-3600000|-1000000|-3700000|DXCM
2015-03-31|USD|46500000|72800000|26300000|26300000|-12700000|39400000|19800000|59200000||-200000||200000|-200000|||2400000|-12900000|0|200000|-12700000|-13100000|-12700000|-12700000|-12900000|DXCM
2014-12-31|USD|59400000|84300000|24900000|24900000|1600000|36200000|21600000|57800000||-200000||200000||||300000|1400000|100000|200000|1600000|1300000|1600000|1900000|1300000|DXCM
2014-09-30|USD|47200000|69000000|21800000|21800000|-5000000|33700000|18500000|52200000||-200000||200000||||100000|-5200000||200000|-5000000|-5100000|-5000000|-4900000|-5200000|DXCM
2014-06-30|USD|39900000|58800000|18900000|18700000|-5800000|30900000|14800000|45700000||-200000||200000||||100000|-6000000||200000|-5800000|-6000000|-5800000|-5700000|-6000000|DXCM
2014-03-31|USD|29800000|47100000|17300000|16900000|-12300000|27600000|14500000|42100000||-200000||200000||||100000|-12500000||200000|-12300000|-12500000|-12300000|-12200000|-12500000|DXCM
2013-12-31|USD|34100000|51700000|17600000|17200000|-2300000|23800000|12600000|36400000||-300000||300000||||100000|-2600000|0|300000|-2300000|-2600000|-2300000|-2200000|-2600000|DXCM
2013-09-30|USD|27600000|42900000|15300000|14800000|-5800000|21600000|11800000|33400000||-200000||200000||||100000|-6000000|0|200000|-6000000|-6000000|-5800000|-5700000|-6000000|DXCM
2013-06-30|USD|21900000|35800000|13900000|13700000|-9900000|20700000|11100000|31800000||-200000||200000||||1600000|-10100000|0|200000|-10100000|-10100000|-9900000|-8300000|-10100000|DXCM
2013-03-31|USD|16500000|29600000|13100000|12400000|-10900000|18100000|9300000|27400000||-200000||200000||||1800000|-11100000|0|200000|-11100000|-11100000|-10900000|-9100000|-11100000|DXCM
2012-12-31|USD|17500000|33300000|15700000|16933000|-8300000|17300000|8600000|25900000||-198000|2000|200000||35000||1751000|-8500000|0|198000|-8400000|-8500000|-8300000|-6546000|-8500000|DXCM
2012-09-30|USD|8400000|23100000|14700000|13391000|-17300000|15400000|10300000|25700000||-1000|-1000|0||17000||600000|-17300000|0|1000|-17263000|-17300000|-17300000|-15106000|-17300000|DXCM
2012-06-30|USD|11200000|23500000|12200000|10889000|-14700000|15900000|10000000|25900000|23000|-1000|-1000|0||23000||1468000|-14700000|0|1000|-14691000|-14700000|-14700000|-13158000|-14700000|DXCM
2012-03-31|USD|9400000|20100000|10700000|9587000|-15400000|15400000|9400000|24800000|25000|0||0||25000||1182000|-15400000|-1300000|0|-14064000|-14100000|-15400000|-14190000|-14100000|DXCM
2011-12-31|USD|10700000|22400000|11706000|10695000|-12233000|14897000|8085000|22900000|25000|-1000|-11000|-10000|-22000|||1063000|-12200000|0|1000|-12276000|-12277000|-12210000|-11214000|-12200000|DXCM
2011-09-30|USD|8200000|18300000|10090000|9230000|-13308000|13241000|8231000|21500000|31000|-1000||1000|0|31000||998000|-13300000|0|1000|-13277000|-13271000|-13299000|-12310000|-13300000|DXCM
2011-06-30|USD|11900000|21400000|9546000|8351000|-7389000|12244000|7016000|19300000|25000|-3000||3000|0|25000||892000|-7400000|0|3000|-7364000|-7385000|-7397000|-6497000|-7400000|DXCM
2011-03-31|USD|5100000|14200000|9058000|9058000|-11870000|10718000|6268000|17000000||||6000||||806000|-11800000|0|||-11867000|-11794000|-11064000|-11800000|DXCM
2010-12-31|USD|6989000|15636000|8659000|8647000|-9896000|9967000|6875000|16875000||||-40000||||721000|-55170000|-45358000||||-9896000|-9225000|-9812000|DXCM
2010-09-30|USD|3476000|11664000|8188000|8188000|-13062000|10377000|6161000|16538000||||44000||||628000|-13398000|336000||||-13062000|-12122000|-13398000|DXCM
2010-06-30|USD|4519000|11786000|7267000|7267000|-11268000|10362000|5425000|15787000||||197000||||588000|-11687000|419000||||-11268000|-10435000|-11687000|DXCM
2010-03-31|USD|3459000|9545000|6086000|6086000|-11074000|9794000|4739000|14533000||||1299000||||500000|-20273000|9199000||||-3144000|-2644000|-20273000|DXCM
