fiscalDateEnding|reportedCurrency|grossProfit|totalRevenue|costOfRevenue|costofGoodsAndServicesSold|operatingIncome|sellingGeneralAndAdministrative|researchAndDevelopment|operatingExpenses|investmentIncomeNet|netInterestIncome|interestIncome|interestExpense|nonInterestIncome|otherNonOperatingIncome|depreciation|depreciationAndAmortization|incomeBeforeTax|incomeTaxExpense|interestAndDebtExpense|netIncomeFromContinuingOperations|comprehensiveIncomeNetOfTax|ebit|ebitda|netIncome|ticker
2024-10-31|USD|886100000|2293200000|1843100000|1385100000|169700000|390700000||458000000||-100000||100000|2293300000|-4200000|72200000|56600000|66800000|91300000|100000|-24500000|-31300000|169700000|123500000|-24500000|SJM
2024-07-31|USD|797200000|2095100000|1781900000|1327900000|349500000|390100000||454000000||-200000||200000|2095300000|-3100000|73000000|56800000|246000000|61000000|200000|185000000|187400000|349500000|303000000|185000000|SJM
2024-04-30|USD|913300000|2207800000|1801700000|1292400000|406000000|424900000|49100000|517100000||-200000||200000|2229500000|4400000|69000000|56700000|313100000|68000000|200000|245100000|237900000|406000000|370000000|245100000|SJM
2024-01-31|USD|823100000|2219700000|1935600000|1406100000|297400000|374200000||529500000||-100000||100000|2219800000|-2100000|67500000|56400000|195500000|75100000|100000|120400000|133500000|297400000|252000000|120400000|SJM
2023-10-31|USD|724200000|1938200000|1596000000|1214400000|298900000|333500000||381600000||-200000||200000|1938400000|5100000|53000000|41300000|249400000|54500000|200000|194900000|183400000|298900000|290900000|194900000|SJM
2023-07-31|USD|654800000|1810700000|1507300000|1150400000|303500000|313600000||356900000||-100000|32100000|100000|1810800000|-33000000|50200000|40100000|238400000|54800000|100000|183600000|193800000|303500000|278600000|183600000|SJM
2023-04-30|USD|792400000|2235300000|1868300000|1442400000|-633500000|376000000|47300000|431000000||0|35300000|0|2236200000|-9800000|52100000|40500000|-678600000|-77900000|0|-600700000|-602700000|-633500000|-638100000|-600700000|SJM
2023-01-31|USD|755800000|2231900000|1898000000|1460500000|317900000|380900000||437500000||-100000|37900000|100000|2231700000|-4600000|59800000|56000000|275400000|66900000|100000|208500000|218600000|317900000|331500000|208500000|SJM
2022-10-31|USD|701100000|2190900000|1915000000|1504000000|293400000|354300000||411000000||-39700000|39700000|0|2190600000|-800000|57100000|56000000|252900000|61800000||191100000|177200000|293400000|308900000|191100000|SJM
2022-07-31|USD|552500000|1864200000|1721700000|1320500000|179700000|343800000||401200000||-39100000|39100000|0|1863900000|500000|55100000|56000000|141100000|31300000||109800000|113800000|179700000|197100000|109800000|SJM
2022-04-30|USD|666700000|2065500000|1787800000|1367100000|302000000|352600000|48800000|425400000||0|38000000|0|2064900000|-3800000|56600000|61900000|260200000|58100000|0|202100000|234000000|302000000|322100000|202100000|SJM
2022-01-31|USD|683100000|2071900000|1918200000|1374000000|150600000|336000000||544200000||0|39500000|0|2071600000|-1500000|59900000|55800000|109600000|39900000|0|69700000|70900000|150600000|165400000|69700000|SJM
2021-10-31|USD|711500000|2060900000|1743500000|1338500000|311800000|347700000||405000000||-100000|40300000|100000|2060700000|-2700000|60500000|56000000|268800000|62800000|100000|206000000|217100000|311800000|324900000|206000000|SJM
2021-07-31|USD|639400000|1868600000|1604000000|1218600000|259400000|324000000||385400000||0|43100000|0|1868300000|-11100000|58500000|55900000|205200000|51300000|7000000|153900000|149700000|259400000|261100000|153900000|SJM
2021-04-30|USD|735700000|1948500000|1689000000|1184500000|238700000|411100000|57700000|511600000||0|42400000|0|1948200000|-3000000|57800000|65900000|193300000|46300000|0|147000000|173100000|238700000|259200000|147000000|SJM
2021-01-31|USD|809400000|2113000000|1698300000|1267300000|406200000|371700000||431000000||0|43500000|0|2112100000|-1200000|53500000|57600000|361500000|100000000|0|261500000|285500000|406200000|419100000|261500000|SJM
2020-10-31|USD|818200000|2048000000|1660700000|1215800000|380800000|382800000||444900000||0|45100000|0|2047000000|-32200000|54100000|62100000|303500000|72700000|0|230800000|264200000|380800000|365600000|230800000|SJM
2020-07-31|USD|775400000|1982300000|1616300000|1196400000|361100000|357500000||419900000||-100000|46100000|100000|1980900000|-1400000|54100000|62400000|313600000|76600000|100000|237000000|255100000|361100000|376100000|237000000|SJM
2020-04-30|USD|788400000|2092000000|1748200000|1303600000|346700000|373400000|57700000|457600000||0|45600000|0|2092000000|-2700000|53500000|64600000|298400000|72100000|0|788400000|113600000|346700000|363000000|226300000|SJM
2020-01-31|USD|760000000|1965300000|1687800000|1212300000|289000000|358900000||475500000||-100000|45100000|100000|1965300000|-1400000|53300000|60900000|242500000|55100000|100000|187400000|169500000|289000000|303500000|187400000|SJM
2019-10-31|USD|754000000|1947600000|1629500000|1203800000|329800000|361500000||425700000||49300000|49300000|0|1947600000|-1600000|52600000|60900000|279100000|67900000|0|211200000|179500000|329800000|340000000|211200000|SJM
2019-07-31|USD|699600000|1741100000|1520600000|1079300000|257600000|380500000||441300000||-49400000|-49300000|100000|1790500000|-1500000|50800000|60800000|206700000|52100000|100000|154600000|119700000|257600000|267600000|154600000|SJM
2019-04-30|USD|692400000|1902100000|1739800000|1209700000|153600000|369800000|56000000|503200000||-49100000|49100000|49100000|1902100000|-2600000|51900000|62400000|101900000|30400000||692400000|43000000|153600000|216000000|71500000|SJM
2019-01-31|USD|773800000|1934700000|1780100000|1238100000|217600000|373100000||542000000||-51600000||51600000|-25600000|-8800000|51200000|61700000|157200000|35800000||121400000|84500000|217600000|279300000|121400000|SJM
2018-10-31|USD|771300000|1965500000|1694300000|1250200000|330500000|382400000||444100000||-53600000||53600000|-2400000|-7500000|51500000|61700000|269400000|80900000||188500000|190900000|330500000|392200000|188500000|SJM
2018-07-31|USD|678200000|1822700000|1670100000|1224300000|226900000|383300000||445800000||-53600000||53600000|-26200000|-200000|51400000|62500000|173100000|40100000||133000000|130900000|226900000|289400000|133000000|SJM
2018-04-30|USD|690500000|1781300000|1472600000|1090800000|312700000|324000000|56000000|383100000||-47400000||47400000|1781300000|-1100000|49100000|54000000|264200000|78300000|0|690500000|175300000|312700000|366700000|185900000|SJM
2018-01-31|USD|728500000|1851800000|1737200000|1174800000|164000000|330600000||562400000||-43100000||43100000|-8400000|-4900000|52100000|53600000|116000000|-715300000|1700000|831300000|853900000|164000000|217600000|831300000|SJM
2017-10-31|USD|755000000|1872400000|1583100000|1168600000|332100000|359500000||414500000||-41600000||41600000|-9600000|1300000|50600000|53600000|291800000|97200000||194600000|187600000|332100000|385700000|194600000|SJM
2017-07-31|USD|662100000|1713800000|1490400000|1086800000|235200000|348800000||403600000||-42000000||42000000|6900000|-4200000|54500000|53400000|189000000|62200000||126800000|163500000|235200000|288600000|126800000|SJM
2017-04-30|USD|646800000|1725400000|1582800000|1137000000|207800000|323300000|58100000|500000000||-40300000||40300000|-18100000|-5600000|52100000|53900000|161900000|51500000||110400000|113400000|207800000|261700000|110400000|SJM
2017-01-31|USD|722900000|1841100000|1622500000|1155900000|237700000|337200000||466600000||-40300000||40300000|2600000|200000|52600000|53700000|197600000|63000000||134600000|144300000|237700000|291400000|134600000|SJM
2016-10-31|USD|742900000|1862700000|1587800000|1171000000|303300000|363100000||416800000||-41000000||41000000|-10200000|3200000|53000000|53700000|265500000|88200000||177300000|167100000|303300000|357000000|177300000|SJM
2016-07-31|USD|722700000|1771800000|1502700000|1093100000|293800000|356000000||410100000||-41500000||41500000|-2500000|1100000|54000000|53600000|253400000|83400000||170000000|172500000|293800000|347400000|170000000|SJM
2016-04-30|USD|688000000|1766900000|1529000000|1119600000|246100000|351800000|58800000|470000000||-40500000||40500000|-200000|4600000|56200000|57600000|210200000|19200000||191000000|189400000|246100000|303700000|191000000|SJM
2016-01-31|USD|763800000|1917400000|1643400000|1210100000|318300000|381100000||433300000||-43600000||43600000|-12900000|600000|55100000|52200000|275300000|90000000||185300000|167300000|318300000|370500000|185300000|SJM
2015-10-31|USD|787300000|2027500000|1733200000|1290400000|313800000|389800000||442800000||-42600000||42600000|-7600000|-1600000|54700000|53000000|269600000|93600000||176000000|178100000|313800000|366800000|176000000|SJM
2015-07-31|USD|728700000|1895600000|1663900000|1223300000|267100000|387600000||441900000||-44400000||44400000|-12000000|100000|55700000|53000000|222800000|86400000||136400000|115300000|267100000|320100000|136400000|SJM
2015-04-30|USD|430600000|1396400000|1382600000|1016500000|70500000|288200000|32500000|400300000||-29500000||29500000|-21200000|2500000|43400000|35600000|-129800000|-39500000||-90300000|-90600000|70500000|106100000|-90300000|SJM
2015-01-31|USD|522900000|1421000000|1183200000|917100000|255100000|237300000||266100000||-16800000||16800000|-2200000|100000|37900000|25200000|238400000|77500000||160900000|125600000|255100000|280300000|160900000|SJM
2014-10-31|USD|536500000|1469300000|1225600000|945300000|254800000|252400000||340700000||-16200000||16200000|3700000|300000|37900000|25200000|238900000|80600000||158300000|141000000|254800000|280000000|158300000|SJM
2014-07-31|USD|478700000|1284200000|1126200000|845100000|191600000|253400000||367500000||-17400000||17400000|-22200000|1300000|38300000|24900000|175500000|59500000||116000000|110700000|191600000|216500000|116000000|SJM
2014-04-30|USD|440300000|1222200000|1040500000|794000000|191400000|218000000|24300000|322800000||-16700000||16700000|4600000|9000000|40300000|24800000|183700000|65200000||118500000|161200000|191400000|216200000|118500000|SJM
2014-01-31|USD|545200000|1450900000|1200600000|920300000|263500000|250300000||335700000||-18400000||18400000|3800000|1400000|40100000|24900000|246500000|79800000||166700000|155400000|263500000|288400000|166700000|SJM
2013-10-31|USD|552600000|1539000000|1309100000|1007300000|250800000|270300000||369400000||-20500000||20500000|-400000|-300000|39500000|24700000|230000000|76600000||153400000|149700000|250800000|275500000|153400000|SJM
2013-07-31|USD|492900000|1326900000|1137900000|858000000|213300000|250200000||345300000||-23800000||23800000|-200000|0|37600000|24500000|189500000|62900000||126600000|123900000|213300000|237800000|126600000|SJM
2013-04-30|USD|479700000|1316108000|1156493000|860006000|214000000|233500000|24700000|307124000||-22100000||22145000|-1437000|-100000|46300000|24206000|191800000|61500000||130322000|128600000|214000000|238206000|130300000|SJM
2013-01-31|USD|536200000|1535798000|1298545000|1023329000|258300000|251000000||359177000|466000|-23800000|426000|24226000|-200000|-500000|35800000|24200000|234000000|79800000|24226000|154168000|159500000|258226000|282426000|154200000|SJM
2012-10-31|USD|541900000|1604858000|1368225000|1086835000|247600000|257200000||365691000|378000|-23900000|366000|24266000|-3400000|500000|35900000|24203000|224200000|75400000|24266000|148847000|153000000|248466000|272669000|148800000|SJM
2012-07-31|USD|469800000|1345085000|1156337000|899930000|190500000|232200000||333759000|278000|-23600000|282000|23882000|-1014000|400000|36100000|24191000|167300000|56400000|23882000|110863000|110500000|191182000|215373000|110900000|SJM
2012-04-30|USD|449762000|1332658000|1145316000|905568000|185617000|214530000|21931000|334753000|414000|-22421000|406000|22827000|-282000|742000|36644000|25235000|163938000|59852000|22827000|104130000|52841000|186765000|212000000|104086000|SJM
2012-01-31|USD|465685000|1444506000|1249003000|1001956000|200366000|225016000||318171000|464000|-23135000|464000|23599000|-382000|4000|27960000|22031000|177235000|60391000|23599000|116844000|113969000|200834000|222865000|116844000|SJM
2011-10-31|USD|498669000|1494781000|1272397000|1015236000|211614000|236602000||324360000|324000|-19124000|324000|19448000|-2001000|711000|28227000|20559000|193201000|65954000|19448000|127247000|104934000|212649000|233208000|127247000|SJM
2011-07-31|USD|431084000|1173461000|984160000|747373000|180703000|216552000||298622000|302000|-15120000|302000|15422000|-725000|1243000|27569000|20235000|166826000|55303000|15422000|111523000|100356000|182248000|202483000|111523000|SJM
2011-04-30|USD|420981000|1170749000|991494000|750456000|166135000|222693000|20981000|333121000|728000|-15708000|710000|16418000|-1056000|-487000|28725000|18331000|149940000|55042000|16418000|94880000|109423000|166358000|184689000|94898000|SJM
2011-01-31|USD|474414000|1294219000|1053926000|821086000|212962000|214325000||295647000|779000|-17353000|779000|18132000|-784000|170000|26829000|18515000|195779000|63784000|18132000|131995000|138876000|213911000|232426000|131995000|SJM
2010-10-31|USD|494670000|1260408000|1013493000|772171000|240036000|222821000||304279000|572000|-17933000|572000|18505000||-376000|27286000|18501000|221727000|72001000|18505000|149726000|151720000|240232000|258733000|149726000|SJM
2010-07-31|USD|408435000|1030773000|851182000|629424000|165167000|203261000||279335000|433000|-16106000|433000|16539000||693000|29360000|18497000|149754000|46873000|16539000|102881000|103681000|166293000|184790000|102881000|SJM
2010-04-30|USD|430107000|1069079000|638972000|638972000|181003000|229648000|20963000|241255000||||14527000||454000|29336000|47734000|167356000|46750000||||181883000|237012000|120606000|SJM
2010-01-31|USD|458304000|1205939000|747635000|747635000|209866000|214411000||234184000||||14236000||1221000|27741000|46311000|197161000|61682000||||211397000|270741000|135479000|SJM
2009-10-31|USD|492250000|1278745000|786495000|786495000|231206000|232985000||253138000||||17473000||583000|25877000|44189000|215002000|75012000|||138908000|232475000|283987000|139990000|SJM
2009-07-31|USD|406029000|1051526000|645497000|645497000|168834000|201177000||220992000||||18951000||-20000|25271000|43648000|151234000|53171000|||124037000|170185000|230056000|98063000|SJM
