fiscalDateEnding|reportedCurrency|grossProfit|totalRevenue|costOfRevenue|costofGoodsAndServicesSold|operatingIncome|sellingGeneralAndAdministrative|researchAndDevelopment|operatingExpenses|investmentIncomeNet|netInterestIncome|interestIncome|interestExpense|nonInterestIncome|otherNonOperatingIncome|depreciation|depreciationAndAmortization|incomeBeforeTax|incomeTaxExpense|interestAndDebtExpense|netIncomeFromContinuingOperations|comprehensiveIncomeNetOfTax|ebit|ebitda|netIncome|ticker
2024-09-30|USD|1146000000|1903000000|1310000000|756000000|448000000|37000000||698000000|8000000|-94000000|8000000|98000000|1902000000|1000000||153000000|357000000|51000000|102000000|305000000|365000000|448000000|601000000|306000000|NDAQ
2024-06-30|USD|1159000000|1793000000|1216000000|633000000|423000000|42000000||736000000|6000000|-96000000|6000000|99000000|1792000000|12000000||153000000|341000000|119000000|102000000|222000000|255000000|423000000|576000000|222000000|NDAQ
2024-03-31|USD|1117000000|1567000000|1130000000|557000000|410000000|39000000||707000000|6000000|-108000000|6000000|108000000|1674000000|1000000||155000000|313000000|79000000|108000000|233000000|114000000|421000000|576000000|234000000|NDAQ
2023-12-31|USD|1117000000|1539000000|1165000000|530000000|353000000|68000000||764000000|29000000|-110000000|29000000|110000000|1647000000|5000000||125000000|279000000|82000000|110000000|196000000|375000000|389000000|514000000|197000000|NDAQ
2023-09-30|USD|940000000|1351000000|894000000|511000000|431000000|38000000||509000000|72000000|-101000000|72000000|101000000|1451000000|1000000||64000000|391000000|97000000|101000000|294000000|311000000|492000000|556000000|294000000|NDAQ
2023-06-30|USD|925000000|1398000000|929000000|508000000|382000000|31000000||543000000|8000000|-36000000|8000000|36000000|1433000000|-6000000||65000000|337000000|70000000|36000000|267000000|154000000|373000000|438000000|267000000|NDAQ
2023-03-31|USD|914000000|1498000000|1004000000|619000000|412000000|23000000||502000000|6000000|-36000000|6000000|36000000|1533000000|0||69000000|397000000|95000000|36000000|301000000|287000000|433000000|502000000|302000000|NDAQ
2022-12-31|USD|907000000|1582000000|675000000|675000000|349000000|51000000||558000000|4000000|-33000000|4000000|33000000|1582000000|-6000000||63000000|323000000|82000000|33000000|240000000|342000000|356000000|419000000|241000000|NDAQ
2022-09-30|USD|890000000|1557000000|667000000|667000000|398000000|48000000||492000000|2000000|-32000000|2000000|32000000|1557000000|6000000||63000000|382000000|88000000|32000000|294000000|107000000|414000000|477000000|294000000|NDAQ
2022-06-30|USD|893000000|1552000000|659000000|659000000|412000000|45000000||481000000||-32000000||32000000|1552000000|8000000||65000000|397000000|90000000|32000000|307000000|72000000|429000000|494000000|307000000|NDAQ
2022-03-31|USD|892000000|1535000000|643000000|643000000|405000000|31000000||487000000||-32000000||32000000|1535000000|-6000000||67000000|375000000|91000000|32000000|283000000|201000000|407000000|474000000|284000000|NDAQ
2021-12-31|USD|886000000|1467000000|581000000|819000000|344000000|44000000||542000000|0|-30000000||30000000|1467000000|38000000||81000000|314000000|55000000|30000000|259000000|183000000|344000000|425000000|259000000|NDAQ
2021-09-30|USD|838000000|1357000000|519000000|749000000|356000000|54000000||482000000|0|-33000000||33000000|1357000000|42000000||67000000|371000000|83000000|33000000|288000000|229000000|404000000|471000000|288000000|NDAQ
2021-06-30|USD|846000000|1412000000|566000000|797000000|376000000|21000000||470000000|0|-33000000||33000000|1496000000|0||68000000|454000000|113000000|33000000|341000000|394000000|487000000|555000000|341000000|NDAQ
2021-03-31|USD|851000000|1651000000|800000000|1040000000|365000000|23000000||486000000|1000000|-29000000|1000000|29000000|1652000000|1000000||63000000|395000000|97000000|29000000|298000000|161000000|424000000|487000000|298000000|NDAQ
2020-12-31|USD|788000000|1462000000|674000000|880000000|318000000|62000000||470000000|0|-24000000||24000000|1462000000|0||53000000|267000000|42000000|24000000|225000000|489000000|291000000|344000000|225000000|NDAQ
2020-09-30|USD|715000000|1413000000|698000000|897000000|326000000|20000000||389000000|1000000|-24000000||24000000|1414000000|1000000||51000000|357000000|93000000|24000000|264000000|347000000|381000000|432000000|264000000|NDAQ
2020-06-30|USD|699000000|1398000000|699000000|888000000|315000000|29000000||384000000|1000000|-26000000|1000000|26000000|1398000000|0||50000000|316000000|75000000|26000000|241000000|435000000|342000000|392000000|241000000|NDAQ
2020-03-31|USD|701000000|1353000000|652000000|847000000|275000000|70000000||426000000|2000000|-26000000|2000000|26000000|1317000000|5000000||48000000|273000000|70000000|62000000|203000000|-20000000|299000000|347000000|203000000|NDAQ
2019-12-31|USD|646000000|1061000000|415000000|608000000|260000000|40000000||386000000|2000000|-27000000|2000000|27000000|1065000000|4000000||47000000|252000000|49000000|27000000|203000000|350000000|279000000|326000000|203000000|NDAQ
2019-09-30|USD|632000000|1096000000|464000000|639000000|226000000|48000000||406000000|3000000|-29000000|3000000|29000000|1096000000|0||47000000|215000000|65000000|29000000|150000000|-17000000|244000000|291000000|150000000|NDAQ
2019-06-30|USD|623000000|1061000000|438000000|607000000|256000000|50000000||367000000|3000000|-31000000|3000000|31000000|1061000000|1000000||48000000|239000000|65000000|31000000|174000000|153000000|270000000|318000000|174000000|NDAQ
2019-03-31|USD|634000000|1039000000|405000000|580000000|275000000|26000000||359000000|3000000|-37000000|3000000|37000000|1066000000|0||48000000|313000000|66000000|37000000|247000000|132000000|350000000|398000000|247000000|NDAQ
2018-12-31|USD|644000000|1136000000|492000000|670000000|241000000|57000000||403000000|2000000|-38000000||38000000|1136000000|125000000||51000000|328000000|372000000|38000000|-44000000|27000000|366000000|417000000|-44000000|NDAQ
2018-09-30|USD|600000000|964000000|364000000|528000000|246000000|35000000||354000000|3000000|-38000000||38000000|956000000|1000000||53000000|209000000|46000000|38000000|163000000|170000000|247000000|300000000|163000000|NDAQ
2018-06-30|USD|615000000|1027000000|412000000|585000000|269000000|35000000||346000000|2000000|-37000000||37000000|1068000000|56000000||53000000|288000000|126000000|37000000|162000000|31000000|325000000|378000000|162000000|NDAQ
2018-03-31|USD|666000000|1151000000|485000000|682000000|273000000|31000000||393000000|2000000|-38000000||38000000|1151000000|4000000||53000000|239000000|62000000|38000000|177000000|-21000000|277000000|330000000|177000000|NDAQ
2017-12-31|USD|631000000|1007000000|388000000|570000000|241000000|27000000||390000000|1000000|-36000000||36000000|3957000000|7000000||48000000|211000000|-35000000|27000000|246000000|209000000|247000000|295000000|246000000|NDAQ
2017-09-30|USD|603000000|969000000|362000000|531000000|262000000|22000000||341000000|2000000|-34000000||34000000|965000000|6000000||47000000|234000000|64000000|34000000|171000000|237000000|268000000|315000000|170000000|NDAQ
2017-06-30|USD|596000000|1000000000|398000000|561000000|242000000|38000000||354000000|2000000|-36000000||36000000|994000000|5000000||47000000|211000000|65000000|36000000|147000000|241000000|247000000|294000000|146000000|NDAQ
2017-03-31|USD|581000000|969000000|388000000|549000000|246000000|26000000||335000000|2000000|-37000000||37000000|-1003000000|6000000||45000000|215000000|47000000|37000000|169000000|160000000|252000000|297000000|168000000|NDAQ
2016-12-31|USD|598000000|972000000|374000000|554000000|210000000|30000000||388000000|2000000|-37000000||37000000||-1000000||45000000|-408000000|-181000000|37000000|-225000000|-324000000|-371000000|-326000000|-227000000|NDAQ
2016-09-30|USD|585000000|929000000|344000000|512000000|233000000|27000000||352000000|0|-37000000||37000000||3000000||46000000|199000000|68000000|37000000|131000000|109000000|236000000|282000000|131000000|NDAQ
2016-06-30|USD|559000000|897000000|338000000|502000000|174000000|25000000||385000000|2000000|-32000000||32000000||4000000||41000000|146000000|76000000|32000000|70000000|-20000000|178000000|219000000|70000000|NDAQ
2016-03-31|USD|534000000|905000000|371000000|523000000|219000000|20000000||315000000|1000000|-28000000||28000000||4000000||38000000|195000000|63000000|28000000|132000000|226000000|223000000|261000000|132000000|NDAQ
2015-12-31|USD|536000000|865000000|329000000|478000000|245000000|-4000000||291000000|1000000|-28000000||28000000||1000000||36000000|219000000|71000000|28000000|148000000|131000000|247000000|283000000|148000000|NDAQ
2015-09-30|USD|529000000|871000000|342000000|492000000|231000000|17000000||298000000|1000000|-28000000||28000000||3000000||34000000|206000000|68000000|28000000|138000000|96000000|234000000|268000000|138000000|NDAQ
2015-06-30|USD|518000000|807000000|289000000|433000000|217000000|25000000||301000000|1000000|-27000000||27000000||2000000||34000000|193000000|60000000|27000000|132000000|210000000|220000000|254000000|133000000|NDAQ
2015-03-31|USD|507000000|858000000|351000000|498000000|27000000|53000000||480000000|1000000|-28000000||28000000||15000000||34000000|14000000|5000000|28000000|9000000|-192000000|42000000|76000000|9000000|NDAQ
2014-12-31|USD|518000000|920000000|402000000|551000000|173000000|23000000||345000000|2000000|-29000000||29000000||2000000||33000000|97000000|11000000|29000000|86000000|-271000000|126000000|159000000|86000000|NDAQ
2014-09-30|USD|497000000|818000000|321000000|457000000|207000000|23000000||290000000|1000000|-29000000||29000000||1000000||34000000|179000000|56000000|29000000|123000000|-60000000|208000000|242000000|123000000|NDAQ
2014-06-30|USD|523000000|865000000|342000000|487000000|191000000|42000000||332000000|1000000|-30000000||30000000||1000000||35000000|162000000|61000000|30000000|101000000|31000000|192000000|227000000|101000000|NDAQ
2014-03-31|USD|529000000|898000000|369000000|527000000|184000000|31000000||345000000|2000000|-30000000||30000000||2000000||35000000|156000000|53000000|30000000|103000000|99000000|186000000|221000000|103000000|NDAQ
2013-12-31|USD|520000000|849000000|329000000|475000000|238000000|27000000||282000000|2000000|-30000000||30000000||31000000||34000000|235000000|94000000|30000000|141000000|125000000|265000000|299000000|141000000|NDAQ
2013-09-30|USD|506000000|805000000|299000000|449000000|202000000|24000000||304000000|2000000|-32000000||32000000||1000000||33000000|171000000|58000000|32000000|113000000|202000000|203000000|236000000|113000000|NDAQ
2013-06-30|USD|451000000|814000000|363000000|489000000|159000000|27000000||292000000|2000000|-26000000||26000000||2000000||28000000|135000000|47000000|26000000|88000000|168000000|161000000|189000000|88000000|NDAQ
2013-03-31|USD|418000000|744000000|326000000|443000000|90000000|32000000||328000000|3000000|-24000000||24000000||3000000||27000000|59000000|17000000|24000000|42000000|9000000|83000000|110000000|42000000|NDAQ
2012-12-31|USD|421000000|755000000|334000000|449000000|174000000|20000000||247000000|4000000|160000000|184000000|24000000|25000000|3000000||27000000|154000000|68000000|24000000|85000000|123000000|178000000|205000000|86000000|NDAQ
2012-09-30|USD|412000000|746000000|334000000|334000000|170000000|21000000||242000000|2000000|-24000000||24000000|-14000000|-12000000||26000000|134000000|45000000|24000000|89000000|234000000|158000000|184000000|89000000|NDAQ
2012-06-30|USD|427000000|815000000|388000000|399000000|175000000|21000000||252000000|2000000|-24000000||24000000||2000000||25000000|126000000|33000000|24000000|92000000|-57000000|150000000|175000000|93000000|NDAQ
2012-03-31|USD|414000000|804000000|390000000|390000000|171000000|20000000||243000000|2000000|-24000000||24000000||2000000||26000000|138000000|53000000|24000000|84000000|217000000|162000000|188000000|85000000|NDAQ
2011-12-31|USD|427000000|843000000|416000000|416000000|160000000|49000000||267000000|-7000000|201000000|227000000|26000000|-25000000|-14000000||28000000|120000000|39000000|51000000|-36000000|77000000|146000000|174000000|81000000|NDAQ
2011-09-30|USD|436000000|944000000|508000000|508000000|195000000|22000000||241000000|1000000|-30000000||30000000||5000000||28000000|171000000|61000000|30000000|109000000|-174000000|201000000|229000000|110000000|NDAQ
2011-06-30|USD|415000000|837000000|422000000|422000000|158000000|19000000||257000000|0|-31000000||31000000||4000000||26000000|132000000|40000000|31000000|122000000|112000000|163000000|189000000|92000000|NDAQ
2011-03-31|USD|413000000|815000000|402000000|402000000|183000000|20000000||230000000|-1000000|-30000000|2000000|32000000||1000000||27000000|153000000|49000000|30000000|131000000|294000000|185000000|212000000|104000000|NDAQ
2010-12-31|USD|395000000|777000000|382000000|405000000|175000000|18000000||220000000|-10000000|169000000|195000000|26000000|0|||28000000|150000000|13000000|63000000|324000000|133000000|176000000|204000000|137000000|NDAQ
2010-09-30|USD|372000000|757000000|385000000|379000000|165000000|16000000||207000000|2000000|-25000000||25000000|14000000|3000000||25000000|144000000|43000000|25000000|125000000|479000000|169000000|194000000|101000000|NDAQ
2010-06-30|USD|390000000|886000000|496000000|486000000|179000000|17000000||211000000|1000000|-26000000||26000000||-7000000||25000000|147000000|51000000|26000000|119000000|-113000000|173000000|198000000|96000000|NDAQ
2010-03-31|USD|360000000|771000000|411000000|404000000|112000000|210000000||248000000||||25000000||||25000000|90000000|29000000|||29000000|115000000|140000000|61000000|NDAQ
2009-12-31|USD|369000000|817000000|448000000|447000000|148000000|183000000||221000000||||25000000||||26000000|52000000|9000000|||-32000000|77000000|103000000|43000000|NDAQ
2009-09-30|USD|349000000|810000000|461000000|461000000|131000000|173000000||218000000|1000000|||26000000||||27000000|85000000|25000000|||329000000|111000000|138000000|60000000|NDAQ
2009-06-30|USD|367000000|889000000|522000000|522000000|159000000|165000000||208000000|1000000|||25000000||||27000000|115000000|46000000|||235000000|140000000|167000000|69000000|NDAQ
