fiscalDateEnding|reportedCurrency|grossProfit|totalRevenue|costOfRevenue|costofGoodsAndServicesSold|operatingIncome|sellingGeneralAndAdministrative|researchAndDevelopment|operatingExpenses|investmentIncomeNet|netInterestIncome|interestIncome|interestExpense|nonInterestIncome|otherNonOperatingIncome|depreciation|depreciationAndAmortization|incomeBeforeTax|incomeTaxExpense|interestAndDebtExpense|netIncomeFromContinuingOperations|comprehensiveIncomeNetOfTax|ebit|ebitda|netIncome|ticker
2024-12-31|USD|12172000000|13586000000|1414000000|11253000000|1423000000|662000000||1414000000||-76000000|||13338000000|21000000|175000000|752000000|1368000000|220000000||1148000000|729000000|1423000000|2175000000|1148000000|GD
2024-09-30|USD|10909000000|11589000000|680000000|9855000000|1181000000|635000000||680000000||-82000000|||11671000000|15000000|158000000|45000000|1114000000|184000000||930000000|1265000000|1181000000|1226000000|930000000|GD
2024-06-30|USD|11204000000|11892000000|688000000|10176000000|1156000000|644000000||688000000||-84000000|||11976000000|18000000|159000000|44000000|1090000000|185000000||905000000|927000000|1156000000|1200000000|905000000|GD
2024-03-31|USD|9977000000|10649000000|672000000|9068000000|1036000000|627000000||672000000||-82000000|||10731000000|14000000|152000000|45000000|968000000|169000000||799000000|502000000|1036000000|1081000000|799000000|GD
2023-12-31|USD|10582000000|11933000000|1351000000|9745000000|1288000000|635000000|510000000|1351000000||-78000000||78000000|11668000000|17000000|162000000|716000000|1227000000|222000000||1005000000|1544000000|1288000000|2004000000|1005000000|GD
2023-09-30|USD|9838000000|10486000000|648000000|8913000000|1057000000|601000000||648000000||-85000000|85000000|85000000|10571000000|19000000|149000000|47000000|991000000|155000000||836000000|833000000|1057000000|1104000000|836000000|GD
2023-06-30|USD|9411000000|10063000000|652000000|8585000000|962000000|605000000||652000000||-89000000|89000000|89000000|10152000000|13000000|148000000|47000000|886000000|142000000||744000000|979000000|962000000|1009000000|744000000|GD
2023-03-31|USD|9151000000|9790000000|639000000|8357000000|938000000|586000000||639000000||-91000000|91000000|58000000|9881000000|33000000|149000000|53000000|880000000|150000000||730000000|952000000|938000000|991000000|730000000|GD
2022-12-31|USD|9794000000|11130000000|1336000000|9020000000|1227000000|604000000|480000000|1336000000||-85000000|85000000|85000000|10851000000|69000000|166000000|732000000|1211000000|219000000||992000000|1318000000|1227000000|1959000000|992000000|GD
2022-09-30|USD|9269000000|9889000000|620000000|8310000000|1098000000|567000000||620000000||-86000000|86000000|86000000|9975000000|41000000|142000000|53000000|1053000000|151000000||902000000|577000000|1098000000|1151000000|902000000|GD
2022-06-30|USD|8431000000|9094000000|663000000|7597000000|978000000|614000000||663000000||-95000000|95000000|95000000|9189000000|40000000|139000000|49000000|923000000|157000000||766000000|478000000|978000000|1027000000|766000000|GD
2022-03-31|USD|8618000000|9294000000|676000000|7858000000|908000000|626000000||676000000||-98000000|98000000|98000000|9392000000|39000000|139000000|50000000|849000000|119000000||730000000|785000000|908000000|958000000|730000000|GD
2021-12-31|USD|9323000000|10623000000|1300000000|8526000000|1186000000|580000000|415000000|1300000000||-93000000|93000000|93000000|10292000000|39000000|160000000|720000000|1132000000|180000000||952000000|2553000000|1186000000|1906000000|952000000|GD
2021-09-30|USD|8860000000|9469000000|609000000|7938000000|1080000000|550000000||609000000||-99000000|99000000|99000000|9568000000|34000000|128000000|59000000|1015000000|155000000||860000000|786000000|1080000000|1139000000|860000000|GD
2021-06-30|USD|8499000000|9111000000|612000000|7705000000|959000000|556000000||612000000||-109000000|109000000|109000000|9220000000|31000000|144000000|56000000|881000000|144000000||737000000|868000000|959000000|1015000000|737000000|GD
2021-03-31|USD|8652000000|9266000000|614000000|7892000000|938000000|559000000||614000000||-123000000|123000000|123000000|9389000000|30000000|136000000|55000000|845000000|137000000||708000000|680000000|938000000|993000000|708000000|GD
2020-12-31|USD|9573000000|10838000000|1265000000|8631000000|1293000000|583000000|374000000|1265000000||-120000000|120000000|120000000|10481000000|12000000|147000000|682000000|1185000000|183000000||1002000000|883000000|1293000000|1975000000|1002000000|GD
2020-09-30|USD|8737000000|9313000000|576000000|7836000000|1072000000|511000000||576000000||-118000000|118000000|118000000|9431000000|24000000|122000000|65000000|978000000|144000000||834000000|1114000000|1072000000|1137000000|834000000|GD
2020-06-30|USD|8493000000|9132000000|639000000|7849000000|834000000|574000000||639000000||-132000000|132000000|132000000|9264000000|25000000|132000000|65000000|727000000|102000000||625000000|976000000|834000000|899000000|625000000|GD
2020-03-31|USD|8029000000|8642000000|613000000|7261000000|934000000|547000000||613000000||-107000000|107000000|107000000|8749000000|21000000|122000000|66000000|848000000|142000000||706000000|462000000|934000000|1000000000|706000000|GD
2019-12-31|USD|1111000000|11112000000|10001000000|8816000000|1250000000|629000000|466000000|1185000000||-110000000|343000000|453000000|10773000000|16000000|114000000|556000000|1214000000|194000000|453000000|1020000000|355000000|1250000000|2223000000|1020000000|GD
2019-09-30|USD|1015000000|9650000000|8635000000|7973000000|1216000000|572000000||662000000||-114000000|-107000000|7000000|9761000000|20000000|120000000|90000000|1090000000|177000000|7000000|913000000|858000000|1216000000|1187000000|913000000|GD
2019-06-30|USD|883000000|9440000000|8557000000|7869000000|1090000000|596000000||688000000||-119000000|-112000000|7000000|9555000000|25000000|118000000|92000000|983000000|177000000|7000000|806000000|1013000000|1090000000|1082000000|806000000|GD
2019-03-31|USD|827000000|9144000000|8317000000|7633000000|1014000000|614000000||684000000||-117000000|-112000000|5000000|9261000000|31000000|114000000|70000000|915000000|170000000|5000000|745000000|840000000|1014000000|990000000|745000000|GD
2018-12-31|USD|1249000000|10622000000|9373000000|8595000000|1163000000|557000000|502000000|778000000||-112000000||112000000|10378000000|81000000|121000000|221000000|1132000000|223000000||909000000|504000000|1163000000|1384000000|909000000|GD
2018-09-30|USD|935000000|8980000000|8045000000|7407000000|1135000000|552000000|126000000|638000000||-114000000||114000000|9094000000|2000000|109000000|215000000|1010000000|159000000||864000000|1048000000|1135000000|1350000000|851000000|GD
2018-06-30|USD|1677000000|9186000000|7509000000|7486000000|1088000000|612000000|90000000|696000000||-103000000||103000000|9186000000|-15000000|117000000|307000000|970000000|184000000||786000000|619000000|1088000000|1395000000|786000000|GD
2018-03-31|USD|1545000000|7535000000|5990000000|5990000000|1008000000|537000000|140000000|557000000||-27000000||27000000|7535000000|-21000000|89000000|243000000|960000000|161000000||799000000|866000000|1008000000|1251000000|799000000|GD
2017-12-31|USD|962000000|8277000000|9180000000|6680000000|1060000000|541000000|521000000|656000000||-27000000||27000000|-851000000|-25000000|93000000|115000000|1008000000|372000000||636000000|467000000|1060000000|1175000000|636000000|GD
2017-09-30|USD|1562000000|7580000000|6018000000|6014000000|1063000000|503000000|120000000|522000000||-27000000||27000000|7580000000|-9000000|87000000|106000000|1027000000|263000000||764000000|1035000000|1063000000|1169000000|764000000|GD
2017-06-30|USD|1561000000|7675000000|6114000000|6114000000|1067000000|494000000|134000000|513000000||-24000000||24000000||-11000000|90000000|201000000|1032000000|283000000||749000000|1089000000|1067000000|1268000000|749000000|GD
2017-03-31|USD|1518000000|7441000000|5923000000|5923000000|1046000000|472000000|113000000|491000000||-25000000||25000000||-11000000|92000000|201000000|1010000000|247000000||763000000|888000000|1046000000|1247000000|763000000|GD
2016-12-31|USD|-528000000|7654000000|8974000000|6372000000|778000000|523000000|418000000|907000000||-23000000||23000000||-10000000|95000000|383000000|735000000|165000000||580000000|68000000|778000000|1161000000|570000000|GD
2016-09-30|USD|1486000000|7657000000|6171000000|6171000000|1015000000|471000000|99000000|491000000||-23000000||23000000||2000000|89000000|20000000|910000000|263000000||731000000|722000000|1015000000|1035000000|647000000|GD
2016-06-30|USD|1512000000|7774000000|6262000000|6262000000|1027000000|485000000|121000000|508000000||-23000000||23000000||1000000|92000000|23000000|1005000000|291000000||714000000|693000000|1027000000|1050000000|714000000|GD
2016-03-31|USD|1385000000|7476000000|6091000000|6091000000|924000000|461000000|104000000|488000000||-22000000||22000000||10000000|89000000|27000000|899000000|258000000||654000000|985000000|924000000|951000000|641000000|GD
2015-12-31|USD|-892000000|8121000000|8701000000|6267000000|1153000000|506000000|395000000|900000000||-19000000||19000000||2000000|93000000|393000000|1136000000|301000000||835000000|737000000|1153000000|1546000000|835000000|GD
2015-09-30|USD|1510000000|7994000000|6484000000|6484000000|1034000000|476000000|104000000|505000000||-23000000||23000000||2000000|88000000|29000000|1013000000|280000000||733000000|640000000|1034000000|1063000000|733000000|GD
2015-07-05|USD|1548000000|7882000000|6334000000|6334000000|1081000000|467000000|101000000|496000000||-20000000||20000000||0|90000000|29000000|1061000000|309000000||752000000|876000000|1081000000|1110000000|752000000|GD
2015-04-05|USD|1530000000|7784000000|6254000000|6254000000|1027000000|503000000|96000000|533000000||-21000000||21000000||3000000|94000000|30000000|1009000000|293000000||716000000|432000000|1027000000|1057000000|716000000|GD
2014-12-31|USD|-884000000|8362000000|9246000000|6766000000|1067000000|529000000|358000000|934000000||-19000000||19000000||-3000000|90000000|405000000|1009000000|308000000||737000000|-894000000|1067000000|1472000000|701000000|GD
2014-09-30|USD|1477000000|7751000000|6274000000|6274000000|999000000|478000000|73000000|508000000||-21000000||21000000||1000000|94000000|30000000|981000000|285000000||694000000|463000000|999000000|1029000000|696000000|GD
2014-06-30|USD|1435000000|7474000000|6039000000|6039000000|949000000|486000000|98000000|517000000||-24000000||24000000||0|96000000|31000000|820000000|279000000||646000000|640000000|949000000|980000000|541000000|GD
2014-03-31|USD|1365000000|7265000000|5900000000|5954000000|874000000|499000000|86000000|534000000||-22000000||22000000||1000000|95000000|35000000|852000000|257000000||596000000|577000000|874000000|909000000|595000000|GD
2013-12-31|USD|1205000000|8047000000|6842000000|6644000000|924000000|542000000|68000000|1074000000||-23000000||23000000||4000000|102000000|398000000|776000000|281000000||624000000|1979000000|924000000|1322000000|495000000|GD
2013-09-30|USD|1458000000|7735000000|6277000000|6333000000|961000000|506000000|74000000|544000000||-22000000||22000000||4000000|94000000|38000000|942000000|291000000||652000000|871000000|961000000|999000000|651000000|GD
2013-06-30|USD|1475000000|7834000000|6359000000|6427000000|961000000|524000000|77000000|566000000||-18000000||18000000||0|91000000|42000000|943000000|303000000||640000000|645000000|961000000|1003000000|640000000|GD
2013-03-31|USD|1354000000|7404000000|6050000000|6050000000|847000000|507000000|91000000|577000000||-23000000||23000000||0|95000000|47000000|824000000|253000000|23000000|570000000|452000000|847000000|894000000|571000000|GD
2012-12-31|USD|-1717000000|7557000000|9274000000|7338000000|-1970000000|706000000|374000000|234000000|3000000|-41000000|3000000|44000000||-128000000|90000000|418000000|-2090000000|40000000|44000000|-2179000000|-2748000000|-2046000000|-1628000000|-2130000000|GD
2012-09-30|USD|1415000000|7934000000|6519000000|6519000000|905000000|510000000|149000000|607000000|1000000|-39000000|1000000|40000000||-3000000|97000000|57000000|863000000|263000000|40000000|600000000|745000000|903000000|960000000|600000000|GD
2012-06-30|USD|1495000000|7922000000|6427000000|6427000000|970000000|525000000|130000000|583000000|5000000|-37000000|8000000|37000000||-5000000|92000000|58000000|928000000|294000000||634000000|444000000|973000000|1031000000|634000000|GD
2012-03-31|USD|1395000000|7579000000|6184000000|6184000000|860000000|535000000|152000000|631000000|3000000|-39000000|3000000|39000000||0|97000000|57000000|821000000|257000000||564000000|764000000|863000000|920000000|564000000|GD
2011-12-31|USD|1474000000|9147000000|7673000000|7673000000|950000000|436000000|154000000|238000000|2000000|-38000000|2000000|40000000||-1000000|95000000|416000000|911000000|308000000|40000000|603000000|-268000000|951000000|1367000000|603000000|GD
2011-09-30|USD|1490000000|7853000000|6363000000|6363000000|998000000|492000000|127000000|593000000|3000000|-38000000|3000000|41000000||-8000000|87000000|60000000|939000000|287000000||665000000|171000000|980000000|1040000000|652000000|GD
2011-06-30|USD|1454000000|7879000000|6425000000|6425000000|949000000|505000000|149000000|601000000|7000000|-31000000|7000000|38000000||41000000|87000000|58000000|946000000|293000000||666000000|950000000|984000000|1042000000|653000000|GD
2011-03-31|USD|1438000000|7798000000|6360000000|6360000000|929000000|497000000|115000000|533000000|2000000|-34000000|2000000|36000000||1000000|85000000|143000000|896000000|278000000||618000000|797000000|932000000|990000000|618000000|GD
2010-12-31|USD|1595000000|8601000000|7006000000|7006000000|1076000000|503000000|124000000|2164000000|3000000|-33000000|3000000|36000000||0|88000000|145000000|1043000000|314000000|36000000|729000000|282000000|1079000000|1221000000|729000000|GD
2010-09-30|USD|1447000000|8011000000|6564000000|6564000000|966000000|481000000|115000000|520000000|1000000|-38000000|1000000|38000000||0|86000000|141000000|929000000|279000000||649000000|1032000000|968000000|1107000000|650000000|GD
2010-06-30|USD|1463000000|8104000000|6641000000|6641000000|985000000|478000000|122000000|523000000|3000000|-42000000|3000000|42000000||2000000|85000000|140000000|942000000|294000000||651000000|546000000|987000000|1125000000|648000000|GD
2010-03-31|USD|1404000000|7750000000|6346000000|6346000000|918000000|468000000|147000000|515000000|3000000|-44000000|3000000|44000000|||86000000|143000000|872000000|275000000||599000000|535000000|919000000|1061000000|597000000|GD
2009-12-31|USD|1434000000|7898000000|6464000000|6464000000|951000000|532000000|123000000|623000000|1000000|-43000000|1000000|44000000||1000000|87000000|144000000|905000000|291000000|44000000|618000000|464000000|949000000|1096000000|614000000|GD
2009-09-30|USD|1326000000|7719000000|6393000000|6393000000|874000000|452000000|140000000|494000000|2000000|-40000000|2000000|40000000||-6000000|86000000|139000000|825000000|253000000||575000000|796000000|867000000|1013000000|572000000|GD
2009-07-05|USD|1454000000|8100000000|6646000000|6646000000|945000000|509000000|119000000|552000000|5000000|-38000000||38000000||0|86000000|140000000|904000000|286000000||621000000|844000000|945000000|945000000|618000000|GD
2009-04-05|USD|905000000|8264000000|7359000000|7359000000|905000000|510000000|138000000|510000000||-39000000||39000000||3000000|85000000|139000000|866000000|276000000||593000000||905000000|1044000000|590000000|GD
2008-12-31|USD|938000000|7852000000|6914000000|6914000000|938000000|424000000|125000000|6914000000||-24000000||24000000||14000000|78000000|121000000|910000000|298000000||630000000||938000000|1129000000|612000000|GD
2008-09-30|USD|933000000|7140000000|6207000000|6207000000|933000000|414000000|115000000|414000000||-11000000||23000000||0|77000000|113000000|922000000|288000000||634000000||933000000|1046000000|634000000|GD
2008-06-30|USD|921000000|7303000000|6382000000|6382000000|921000000|451000000|124000000|451000000||-12000000||28000000||0||111000000|909000000|268000000||641000000||921000000|1032000000|641000000|GD
