fiscalDateEnding|reportedCurrency|grossProfit|totalRevenue|costOfRevenue|costofGoodsAndServicesSold|operatingIncome|sellingGeneralAndAdministrative|researchAndDevelopment|operatingExpenses|investmentIncomeNet|netInterestIncome|interestIncome|interestExpense|nonInterestIncome|otherNonOperatingIncome|depreciation|depreciationAndAmortization|incomeBeforeTax|incomeTaxExpense|interestAndDebtExpense|netIncomeFromContinuingOperations|comprehensiveIncomeNetOfTax|ebit|ebitda|netIncome|ticker
2024-12-31|USD|639315000|1045127000|405812000|405812000|331554000|237340000|50054000|307761000||-17850000||17850000|1045127000|843000|12643000|18220000|314547000|62246000||252301000|234225000|332397000|350617000|252301000|MTD
2024-09-30|USD|572467000|954535000|382068000|382068000|275699000|228777000|47117000|296768000||-18599000||18599000|954535000|1852000|12836000|18243000|258952000|47436000||211516000|194101000|277551000|295794000|211516000|MTD
2024-06-30|USD|565668000|946750000|381082000|399260000|260594000|235796000|45771000|305074000||-18950000||18950000|946750000|1533000|12351000|18178000|243177000|21363000||221814000|209521000|262127000|280305000|221814000|MTD
2024-03-31|USD|548133000|925949000|377816000|396044000|239436000|234390000|46415000|308697000||-19232000||19232000|925949000|343000|12522000|18228000|220547000|43038000||177509000|199250000|239779000|258007000|177509000|MTD
2023-12-31|USD|551638000|934992000|383354000|383354000|250643000|223427000|46435000|300995000||-19655000||19655000|934992000|1568000|12545000|18078000|232556000|47762000|19655000|184794000|128132000|252211000|270289000|184794000|MTD
2023-09-30|USD|559539000|942462000|382923000|382923000|270266000|217447000|46127000|289273000||-20278000||20278000|942462000|1171000|12189000|18314000|251159000|49528000|20278000|201631000|205694000|271437000|289751000|201631000|MTD
2023-06-30|USD|583543000|982117000|398574000|398574000|281641000|228594000|47245000|301902000||-19249000||19249000|982117000|1011000|12194000|18042000|263403000|49476000|19249000|213927000|175227000|282652000|300694000|213927000|MTD
2023-03-31|USD|546566000|928738000|382172000|382172000|244398000|234638000|45477000|302168000||-18184000||18184000|928738000|396000|12023000|17779000|226610000|38184000|18184000|188426000|187143000|244794000|262573000|213927000|MTD
2022-12-31|USD|632140000|1057685000|425545000|425545000|341017000|227586000|45942000|291123000||-16805000||16805000|1057685000|1482000|11783000|16542000|325014000|59180000|16805000|265834000|363115000|341819000|358361000|265834000|MTD
2022-09-30|USD|584656000|985846000|401190000|401190000|288420000|233357000|44129000|296236000||-14484000||14484000|985846000|1949000|11674000|16728000|275885000|55288000|14484000|220597000|178448000|290369000|307097000|220597000|MTD
2022-06-30|USD|571661000|978387000|406726000|406726000|267297000|242206000|44023000|304364000||-12765000||12765000|978387000|2160000|11447000|16365000|256692000|44622000|12765000|212070000|180579000|269457000|285822000|212070000|MTD
2022-03-31|USD|519585000|897791000|378206000|378206000|220629999|235312000|43028000|298955000||-11338000||11338000|897791000|3709000|11880000|16604000|213001000|39000000|11338000|174001000|178351000|224339000|240943000|174001000|MTD
2021-12-31|USD|607133000|1037239000|430106000|430106000|302419000|242445000|45615000|304714000||-11541000||11541000|1037439000|-2108000|11542000|16934000|229106000|55105000|11341000|230871000|273499000|240647000|257581000|174001000|MTD
2021-09-30|USD|555820000|951950000|396130000|396130000|256121000|240734000|42276000|299699000||-11791000||11791000|951950000|3257000|11179000|16039000|247587000|43899000|11791000|203688000|208428000|259378000|275417000|203688000|MTD
2021-06-30|USD|536904000|924351000|387447000|387447000|238162000|239045000|42603000|298742000||-10439000||10439000|924351000|2661000|11318000|16218000|230384000|45621000|10439000|184763000|193915000|240823000|257041000|184763000|MTD
2021-03-31|USD|471696000|804390000|332694000|332694000|192795000|221752000|39272000|278901000||-9471000||9471000|804390000|-710000|10943000|13884000|185414000|35751000|9471000|149663000|172844000|194885000|208769000|149663000|MTD
2020-12-31|USD|559044000|937985000|378941000|378941000|559044000|226369000|39866000|284073000||-9505000||9505000|937985000|3682000|11095000|14657000|202548000|52885000|9505000|559044000|208643000|212053000|226710000|149663000|MTD
2020-09-30|USD|469608000|807357000|337749000|337749000|211287000|204974000|34656000|258321000||-9310000||9310000|807357000|3832000|10622000|14121000|205809000|44042000|9310000|161767000|180099000|215119000|229240000|161767000|MTD
2020-06-30|USD|397970000|690673000|292703000|292703000|161894000|190134000|31193000|236076000||-9582000||9582000|690673000|2943000|10194000|13889000|155255000|28693000|9582000|126562000|128658000|164837000|178726000|126562000|MTD
2020-03-31|USD|374409000|649162000|274753000|274753000|125375000|198744000|34387000|249034000||-10219000||10219000|649162000|3343000|10133000|13998000|118499000|20384000|10219000|98115000|74087000|128718000|142716000|98115000|MTD
2019-12-31|USD|498298000|843968000|345670000|345672000|498298000|206717000|35300000|259484000||-9635000||9635000|843968000|1924000|9643000|12813000|231143000|38394000|9635000|498298000|184062000|240778000|253591000|192749000|MTD
2019-09-30|USD|435056000|753866000|318810000|318810000|177154000|202826000|36015000|257902000||-9800000||9800000|753866000|2005000|9958000|12329000|169359000|39964000|9800000|129395000|115842000|179159000|191488000|129395000|MTD
2019-06-30|USD|419538000|731366000|311828000|311828000|162524000|205215000|36582000|257014000||-8882000||8882000|731366000|1574000|9623000|12326000|155216000|28056000|8882000|127160000|115481000|164098000|176424000|127160000|MTD
2019-03-31|USD|388319000|679452000|291133000|291133000|134096000|204425000|36053000|254223000||-9094000||9094000|679452000|674000|9767000|12222000|125676000|13871000|9094000|111805000|124465000|134770000|146992000|111805000|MTD
2018-12-31|USD|477566000|817923000|340357000|340357000|477566000|201653000|36205000|254285000||-8840000||8840000|817923000|16013000|9278000|11963000|230454000|49268000|8840000|477566000|162301000|239294000|251257000|181186000|MTD
2018-09-30|USD|419254000|734846000|315592000|315592000|167887000|202451000|34838000|251367000||-9003000||9003000|734846000|1479000|9283000|11856000|160363000|33710000|9003000|126653000|108845000|169366000|181222000|126653000|MTD
2018-06-30|USD|412625000|721996000|309371000|309371000|149995000|208024000|35315000|262630000||-8309000||8309000|721996000|1916000|9449000|11970000|143602000|32134000|8309000|111468000|82263000|151911000|163881000|111468000|MTD
2018-03-31|USD|374933000|660821000|285888000|285888000|123398000|200674000|34713000|251535000||-8359000||8359000|660821000|2400000|9157000|11735000|117439000|24135000|8359000|93304000|122194000|125798000|137533000|93304000|MTD
2017-12-31|USD|455775000|778031000|322256000|322812000|455219000|206548000|32323000|249601003||-8625000||8625000|0|1214000|9037000|11661000|193900000|116924000|8625000|455219000|89207000|202525000|214186000|76976000|MTD
2017-09-30|USD|400975000|698799000|297824000|298522000|148784000|207033000|32203000|251493000||-8248000||8248000|0|237000|8502000|10716000|139627000|34677000|8248000|104950000|125699000|147875000|158591000|104950000|MTD
2017-06-30|USD|375612000|653656000|278044000|278739000|134274000|195624000|32582000|240643000||-8171000||8171000|0|1884000|7953000|10249000|126847000|25267000|8171000|101580000|134314000|135018000|145267000|101580000|MTD
2017-03-31|USD|343389000|594567000|251178000|251667000|115859000|185656000|31200000|223647000||-7741000||7741000|3394000|6533000|7966000|10045000|113848000|21382000|7741000|92466000|116344000|121589000|131634000|92466000|MTD
2016-12-31|USD|418610000|709699000|291089000|291089000|418610000|200959000|29383000|229920000||-7407000||7407000|0|9820000|8216000|9886000|181284000|43508000|7407000|418610000|49181000|188691000|198577000|137776000|MTD
2016-09-30|USD|369494000|650598000|281104000|281104000|141094000|187680000|30139000|228400000||-7167000||7167000|0|-603000|8411000|9087000|133324000|31992000|7167000|101332000|117704000|140491000|149578000|101332000|MTD
2016-06-30|USD|347576000|608286000|260710000|260710000|118217000|187798000|30701000|229359000||-6872000||6872000|0|-8173000|7994000|8655000|103172000|23584000|6872000|79588000|56630000|110044000|118699000|79588000|MTD
2016-03-31|USD|299907000|539674000|239767000|239767000|92709000|168921000|28973000|207198000||-6580000||6580000|0|284000|8122000|8424000|86413000|20739000|6580000|65674000|72506000|92993000|101417000|65674000|MTD
2015-12-31|USD|390747000|673535000|282788000|282788000|390747000|177418000|31110000|222462000||-6755000||6755000||9000|8109000|8022000|161491000|38140000|6755000|390747000|94740000|168246000|176268000|123351000|MTD
2015-09-30|USD|339529000|604154000|264625000|264625000|123944000|175546000|29711000|215585000||-7029000||7029000||8000|8320000|7767000|116923000|28062000|7029000|88861000|48248000|123952000|131719000|88861000|MTD
2015-06-30|USD|322912000|582057000|259145000|259145000|108956000|174808000|29794000|213956000||-6942000||6942000||33000|8357000|7634000|102047000|24490000|6942000|77557000|99337000|108989000|116623000|77557000|MTD
2015-03-31|USD|298805000|535701000|236896000|236896000|88871000|173038000|28461000|209934000||-6725000||6725000||817000|8301000|7528000|82963000|19912000|6725000|63051000|56795000|89688000|97216000|63051000|MTD
2014-12-31|USD|394382000|697428000|303046000|303046000|394382000|186789000|31323000|227190000||-6924000||6924000||-882000|8148000|7610000|159386000|38214000|6924000|394382000|-15748000|166310000|173920000|121172000|MTD
2014-09-30|USD|343551000|629100000|285549000|285549000|118452000|186499000|30352000|225099000||-5991000||5991000||-625000|8595000|7198000|111836000|26840000|5991000|84996000|44540000|117827000|125025000|84996000|MTD
2014-06-30|USD|328176000|608834000|280658000|280658000|103760000|183103000|32125000|224416000||-5956000||5956000||-406000|8454000|7283000|97398000|23376000|5956000|74022000|71631000|103354000|110637000|74022000|MTD
2014-03-31|USD|292641000|550621000|257980000|257980000|82367000|172191000|29497000|215940000||-5666000||5666000||-317000|8420000|7094000|76384000|18333000|5666000|58051000|59904000|82050000|89144000|58051000|MTD
2013-12-31|USD|375357000|684252000|308895000|308896000|375357000|179788000|30597000|266631000||-6211000||6211000||-822000|8741000|6935000|144904000|34742000|6211000|375357000|155661000|151115000|158050000|110162000|MTD
2013-09-30|USD|318573000|591687000|273114000|273113000|103874000|173446000|29046000|220256000||-5557000||5557000||-521000|8577000|6675000|97796000|23470000|5557000|74326000|102532000|103353000|110028000|74326000|MTD
2013-06-30|USD|308843000|578680000|269837000|269837000|97403000|173434000|29003000|216983000||-5543000||5543000||-987000|8566000|5807000|90873000|21811000|5543000|69062000|74897000|96416000|102223000|69062000|MTD
2013-03-31|USD|279158000|524355000|245197000|245100000|72509000|166025000|27700000|212144000||-5400000||5400000||-773000|8881000|5122000|69136000|16592000|5400000|52544000|35429000|74536000|79658000|52544000|MTD
2012-12-31|USD|356788000|657292000|300504000|300504000|356788000|175379000|28001000|247559000||-5667000||5667000||-767000|9143000|5586000|135962000|31329000|5667000|356788000|81279000|141629000|147215000|104633000|MTD
2012-09-30|USD|308157000|578553000|270396000|270396000|97607000|171021000|27896000|216118000||-5568000||5568000||266000|8172000|5215000|95605000|23422000|5568000|72183000|88958000|101173000|106388000|72183000|MTD
2012-06-30|USD|299008000|570283000|271275000|271275000|85165000|169985000|27966000|219549000||-5706000||5706000||-433000|8331000|5357000|81726000|20022000|5706000|61704000|36969000|87432000|92789000|61704000|MTD
2012-03-31|USD|277102000|535400000|258298000|258298000|71987000|167641000|28667000|210938000||-5823000||5823000||-156000|7775000|5199000|69308000|16981000|5823000|52327000|73118000|75131000|80330000|52327000|MTD
2011-12-31|USD|346159000|665656000|494716000|302201000|346159000|184368000|30115000|254060000||-5930000||5930000||-95000|8319000|5066000|117504000|23222000|5930000|346159000|-17253000|123434000|128500000|94282000|MTD
2011-09-30|USD|308157000|595221000|477686000|286697000|90260000|185832000|30068000|230050000||-5893000||5893000||-409000|8516000|4795000|91045000|18862000|5893000|68196000|28538000|96938000|101733000|72183000|MTD
2011-06-30|USD|299008000|555396000|443247000|264897000|85736000|172054000|29605000|216147000||-5692000||5692000||-1207000|7471000|4325000|82853000|21149000|5692000|60188000|97326000|88545000|92870000|61704000|MTD
2011-03-31|USD|277102000|493055000|402757000|237259000|69658000|161378000|26351000|197560000||-5711000||5711000||-669000|7383000|3622000|68778000|16451000|5711000|46827000|65743000|74489000|78111000|52327000|MTD
2010-12-31|USD|316590000|592765000|447601000|276175000|316590000|164807000|26466000|203192000||-5300000||5300000||-3307000|7425000|4229000|110091000|29239000|5300000|316590000|89298000|115391000|119620000|80852000|MTD
2010-09-30|USD|314417000|485421000|383694000|234158000|81527000|145303000|24992000|179320000||-4792000||4792000||127000|7796000|3667000|82977000|14781000|4792000|62081000|107609000|87769000|91436000|68196000|MTD
2010-06-30|USD|296191000|463838000|370617000|221924000|74827000|143602000|23105000|176509000||-4711000||4711000||-730000|7018000|3565000|78227000|18039000|4711000|51347000|37263000|82938000|86503000|60188000|MTD
2010-03-31|USD|261507000|416651000|198725000|198725000|57066000|135014000|22465000|161114000||||5254000||-254000|7447000|10828000|60133000|13306000|||22388000|65387000|67640000|46827000|MTD
2009-12-31|USD|269988000|511682000|241694000|241694000|1342877000|138968000|23731000|-1072889000||||6142000||-235000|7708000|10818000|94832000|25394000|||55919000|100974000|108587000|69438000|MTD
2009-09-30|USD|225193000|435650000|210457000|210457000|69961000|129686000|22309000|155232000||||6974000||-13000|7573000|10810000|56910000|15365000|||55419000|63884000|68617000|41545000|MTD
2009-06-30|USD|206234000|407442000|201208000|201208000|58857000|122488000|22075000|147377000||||6760000||-131000||10118000|37987000|10256000|||66100000|44747000|68975000|27731000|MTD
