fiscalDateEnding|reportedCurrency|grossProfit|totalRevenue|costOfRevenue|costofGoodsAndServicesSold|operatingIncome|sellingGeneralAndAdministrative|researchAndDevelopment|operatingExpenses|investmentIncomeNet|netInterestIncome|interestIncome|interestExpense|nonInterestIncome|otherNonOperatingIncome|depreciation|depreciationAndAmortization|incomeBeforeTax|incomeTaxExpense|interestAndDebtExpense|netIncomeFromContinuingOperations|comprehensiveIncomeNetOfTax|ebit|ebitda|netIncome|ticker
2025-01-31|USD|460000000|1681000000|1221000000|782000000|376000000|410000000|113000000|552000000|15000000|-13000000|15000000|28000000|1681000000|4000000||28000000|367000000|49000000||318000000|242000000|395000000|423000000|318000000|A
2024-10-31|USD|495000000|1722000000|1227000000|785000000|408000000|397000000|111000000|553000000|24000000|-8000000|24000000|32000000|1705000000|1000000||27000000|401000000|50000000||351000000|377000000|433000000|460000000|351000000|A
2024-07-31|USD|368000000|1578000000|1210000000|723000000|333000000|395000000|127000000|614000000|19000000|-3000000|19000000|22000000|1578000000|13000000||25000000|343000000|61000000||282000000|288000000|365000000|390000000|282000000|A
2024-04-30|USD|428000000|1553000000|1125000000|717000000|363000000|380000000|113000000|521000000|19000000|-20000000|19000000|20000000|1573000000|12000000||27000000|374000000|66000000|20000000|308000000|287000000|394000000|421000000|308000000|A
2024-01-31|USD|453000000|1636000000|1183000000|750000000|384000000|396000000|128000000|561000000|18000000|-22000000|18000000|22000000|1658000000|23000000||26000000|403000000|55000000|22000000|348000000|359000000|425000000|451000000|348000000|A
2023-10-31|USD|481000000|1727000000|1246000000|773000000|408000000|393000000|114000000|544000000|17000000|-22000000|17000000|22000000|1733000000|17000000||27000000|420000000|-55000000|22000000|475000000|419000000|442000000|469000000|475000000|A
2023-07-31|USD|-94000000|1648000000|1742000000|1014000000|133000000|407000000|118000000|846000000|13000000|-24000000|13000000|24000000|1672000000|10000000||39000000|132000000|21000000|24000000|111000000|122000000|156000000|195000000|111000000|A
2023-04-30|USD|438000000|1689000000|1251000000|793000000|383000000|415000000|126000000|584000000|12000000|-24000000|12000000|24000000|1713000000|6000000||38000000|377000000|75000000|24000000|302000000|300000000|401000000|439000000|302000000|A
2023-01-31|USD|497000000|1742000000|1245000000|788000000|426000000|419000000|123000000|580000000|9000000|-25000000|9000000|25000000|1767000000|0||36000000|410000000|58000000|25000000|352000000|419000000|435000000|471000000|352000000|A
2022-10-31|USD|526000000|1833000000|1307000000|837000000|471000000|422000000|119000000|589000000|5000000|-23000000|5000000|23000000|1842000000|2000000||42000000|455000000|87000000|23000000|368000000|383000000|478000000|520000000|368000000|A
2022-07-31|USD|468000000|1711000000|1243000000|779000000|411000000|412000000|116000000|580000000|2000000|-19000000|2000000|19000000|1730000000|3000000||48000000|397000000|68000000|19000000|329000000|300000000|416000000|464000000|329000000|A
2022-04-30|USD|388000000|1586000000|1198000000|746000000|360000000|386000000|115000000|567000000|1000000|-21000000|1000000|21000000|1607000000|-7000000||51000000|333000000|59000000|21000000|274000000|239000000|354000000|405000000|274000000|A
2022-01-31|USD|414000000|1653000000|1239000000|764000000|376000000|417000000|117000000|592000000|1000000|-21000000|1000000|21000000|1674000000|-37000000||51000000|319000000|36000000|21000000|283000000|267000000|340000000|391000000|283000000|A
2021-10-31|USD|442000000|1654000000|1212000000|760000000|395000000|389000000|116000000|568000000|1000000|-21000000|20000000|21000000|1662000000|73000000||51000000|448000000|6000000|21000000|442000000|614000000|469000000|520000000|442000000|A
2021-07-31|USD|364000000|1565000000|1201000000|734000000|336000000|403000000|113000000|580000000|0|-21000000|21000000|21000000|1586000000|12000000||54000000|327000000|63000000|21000000|264000000|262000000|348000000|402000000|264000000|A
2021-04-30|USD|314000000|1505000000|1191000000|708000000|288000000|420000000|109000000|592000000|1000000|-20000000|1000000|20000000|1525000000|4000000||45000000|273000000|57000000|20000000|216000000|233000000|293000000|338000000|216000000|A
2021-01-31|USD|353000000|1524000000|1171000000|710000000|328000000|407000000|103000000|564000000|0|-19000000|19000000|19000000|1543000000|3000000||45000000|312000000|24000000|24000000|288000000|341000000|331000000|376000000|288000000|A
2020-10-31|USD|319000000|1463000000|1144000000|695000000|299000000|387000000|102000000|551000000|1000000|-19000000|18000000|19000000|1479000000|2000000||46000000|283000000|61000000|19000000|222000000|176000000|302000000|348000000|222000000|A
2020-07-31|USD|253000000|1246000000|993000000|592000000|230000000|347000000|92000000|493000000|1000000|-19000000|9000000|19000000|1261000000|7000000||45000000|219000000|20000000|19000000|199000000|261000000|238000000|283000000|199000000|A
2020-04-30|USD|125000000|1221000000|1096000000|581000000|102000000|358000000|197000000|712000000|3000000|-20000000|3000000|20000000|1238000000|36000000||47000000|121000000|20000000|20000000|101000000|84000000|141000000|188000000|101000000|A
2020-01-31|USD|242000000|1341000000|1099000000|634000000|215000000|404000000|104000000|569000000|3000000|-20000000|3000000|20000000|1357000000|21000000||48000000|219000000|22000000|20000000|197000000|190000000|239000000|287000000|197000000|A
2019-10-31|USD|253000000|1330000000|1077000000|630000000|250000000|385000000|102000000|549000000|6000000|-21000000|6000000|21000000|1351000000|-4000000||46000000|231000000|37000000|30000000|194000000|84000000|250000000|298000000|194000000|A
2019-07-31|USD|269000000|1256000000|987000000|582000000|225000000|366000000|101000000|506000000|10000000|-18000000|10000000|18000000|1274000000|5000000||27000000|222000000|31000000|18000000|191000000|185000000|240000000|267000000|191000000|A
2019-04-30|USD|262000000|1221000000|959000000|569000000|216000000|354000000|99000000|489000000|10000000|-17000000|6000000|17000000|1238000000|9000000||26000000|218000000|36000000|17000000|182000000|165000000|235000000|261000000|182000000|A
2019-01-31|USD|295000000|1266000000|971000000|577000000|250000000|355000000|102000000|496000000|10000000|-18000000||18000000|1284000000|6000000||29000000|248000000|-256000000|18000000|504000000|538000000|266000000|295000000|504000000|A
2018-10-31|USD|-845000000|1273000000|2118000000|586000000|244000000|360000000|104000000|521000000|10000000|-18000000||18000000|1291000000|8000000||30000000|244000000|49000000|18000000|195000000|122000000|244000000|292000000|195000000|A
2018-07-31|USD|643000000|1185000000|542000000|544000000|221000000|341000000|97000000|472000000|9000000|-18000000||18000000|1203000000|30000000||28000000|242000000|6000000|18000000|236000000|211000000|260000000|288000000|236000000|A
2018-04-30|USD|625000000|1187000000|562000000|563000000|210000000|341000000|92000000|467000000|10000000|-19000000||19000000|1206000000|26000000||26000000|227000000|22000000|19000000|205000000|164000000|246000000|272000000|205000000|A
2018-01-31|USD|653000000|1191000000|538000000|541000000|229000000|347000000|94000000|463000000|9000000|-20000000||20000000|1211000000|15000000||26000000|233000000|553000000|20000000|-284000000|-243000000|253000000|279000000|-320000000|A
2017-10-31|USD|706000000|1248000000|542000000|971000000|199000000|347000000|91000000|450000000|7000000|-20000000||20000000|-3285000000|40000000||31000000|226000000|49000000|20000000|54000000|248000000|199000000|277000000|177000000|A
2017-07-31|USD|577000000|1095000000|518000000|368000000|201000000|308000000|87000000|426000000|6000000|-19000000||19000000|1114000000|5000000||27000000|193000000|18000000|19000000|218000000|235000000|212000000|239000000|175000000|A
2017-04-30|USD|572000000|1082000000|510000000|366000000|201000000|307000000|84000000|429000000|5000000|-20000000||20000000||5000000||31000000|191000000|27000000|20000000|214000000|176000000|211000000|242000000|164000000|A
2017-01-31|USD|554000000|1047000000|493000000|356000000|206000000|289000000|79000000|413000000|4000000|-20000000||20000000||3000000||31000000|193000000|25000000|20000000|198000000|182000000|213000000|244000000|168000000|A
2016-10-31|USD|641000000|1164000000|523000000|905000000|183000000|321000000|84000000|449000000|3000000|-19000000||19000000||-16000000||32000000|151000000|25000000|19000000|126000000|-32000000|183000000|202000000|126000000|A
2016-07-31|USD|525000000|1027000000|502000000|362000000|146000000|310000000|86000000|449000000|3000000|-17000000||17000000||2000000||37000000|134000000|10000000|17000000|124000000|78000000|151000000|188000000|124000000|A
2016-04-30|USD|512000000|1001000000|489000000|357000000|131000000|318000000|81000000|452000000|3000000|-18000000||18000000||1000000||40000000|117000000|26000000|18000000|91000000|230000000|135000000|175000000|91000000|A
2016-01-31|USD|519000000|1010000000|491000000|369000000|155000000|304000000|78000000|435000000|2000000|-18000000||18000000||3000000||43000000|142000000|21000000|18000000|123000000|76000000|160000000|203000000|121000000|A
2015-10-31|USD|585000000|1085000000|500000000|366000000|156000000|297000000|82000000|421000000|1000000|-16000000||16000000||2000000||37000000|146000000|3000000|16000000|140000000|84000000|156000000|199000000|143000000|A
2015-07-31|USD|496000000|997000000|501000000|380000000|144000000|290000000|79000000|411000000|2000000|-17000000||17000000||-1000000||38000000|118000000|15000000|17000000|113000000|41000000|144000000|173000000|103000000|A
2015-04-30|USD|463000000|946000000|483000000|365000000|107000000|292000000|81000000|420000000|2000000|-17000000||17000000||4000000||38000000|87000000|4000000|17000000|92000000|74000000|107000000|142000000|83000000|A
2015-01-31|USD|497000000|1010000000|513000000|399000000|115000000|310000000|88000000|445000000|2000000|-16000000||16000000||12000000||43000000|92000000|20000000|16000000|93000000|-187000000|115000000|151000000|72000000|A
2014-10-31|USD|1230000000|1794000000|564000000|764000000|70000000|312000000|97000000|829000000|2000000|-26000000|-3000000|23000000||-71000000||47000000|-7000000|-30000000|26000000|8000000|-319000000|70000000|63000000|23000000|A
2014-07-31|USD|925000000|1777000000|507000000|671000000|131000000|285000000|86000000|724000000|3000000|-28000000||28000000|39000000|-21000000||48000000|169000000|22000000|0|63000000|68000000|131000000|245000000|147000000|A
2014-04-30|USD|869000000|1701000000|503000000|652000000|94000000|304000000|87000000|772000000|2000000|-30000000||30000000||3000000||51000000|168000000|29000000|30000000|40000000|466000000|94000000|249000000|139000000|A
2014-01-31|USD|854000000|1650000000|498000000|637000000|124000000|298000000|88000000|748000000|2000000|-29000000||29000000|11000000|0||51000000|171000000|-24000000|29000000|121000000|275000000|124000000|251000000|195000000|A
2013-10-31|USD|2153000000|1703000000|-450000000|652000000|-280000000|-246000000|-194000000|805000000|2000000|-30000000||30000000||-4000000||50000000|187000000|-24000000|30000000|-608000000|-28000000|-280000000|267000000|211000000|A
2013-07-31|USD|829000000|1625000000|796000000|625000000|236000000|449000000|171000000|703000000|2000000|-27000000||27000000||1000000||48000000|212000000|44000000|27000000|259000000|308000000|236000000|287000000|168000000|A
2013-04-30|USD|866000000|1707000000|841000000|674000000|213000000|497000000|181000000|834000000|1000000|-25000000||25000000||9000000||50000000|198000000|32000000|25000000|302000000|228000000|213000000|273000000|166000000|A
2013-01-31|USD|855000000|1655000000|800000000|647000000|217000000|484000000|179000000|781000000|2000000|-25000000||25000000||1000000||51000000|195000000|16000000|25000000|272000000|428000000|217000000|271000000|179000000|A
2012-10-31|USD|997000000|1842000000|845000000|691000000|278000000|466000000|178000000|858000000|2000000|-26000000||26000000||2000000||52000000|256000000|-169000000|26000000|552000000|342000000|278000000|334000000|425000000|A
2012-07-31|USD|866000000|1699000000|833000000|676000000|270000000|458000000|162000000|734000000|2000000|-24000000||24000000||-10000000||46000000|238000000|-5000000|24000000|355000000|140000000|270000000|308000000|243000000|A
2012-04-30|USD|893000000|1708000000|815000000|650000000|300000000|452000000|166000000|691000000|2000000|-25000000||25000000||16000000||26000000|293000000|38000000|25000000|299000000|232000000|300000000|344000000|255000000|A
2012-01-31|USD|848000000|1609000000|761000000|607000000|271000000|441000000|162000000|690000000|3000000|-26000000||26000000||8000000||27000000|256000000|26000000|26000000|288000000|192000000|271000000|309000000|230000000|A
2011-10-31|USD|953000000|1760000000|807000000|661000000|313000000|445000000|163000000|865000000|4000000|-23000000||23000000|-98000000|-1000000||26000000|293000000|4000000|23000000|289000000|134000000|313000000|342000000|289000000|A
2011-07-31|USD|872000000|1671000000|799000000|643000000|281000000|449000000|162000000|692000000|3000000|-20000000||20000000||17000000||29000000|281000000|-49000000|20000000|330000000|323000000|281000000|330000000|330000000|A
2011-04-30|USD|880000000|1657000000|777000000|622000000|266000000|469000000|165000000|718000000|3000000|-20000000||20000000||11000000||28000000|260000000|60000000|20000000|200000000|541000000|266000000|308000000|200000000|A
2011-01-31|USD|839000000|1542000000|703000000|563000000|211000000|446000000|159000000|621000000|4000000|23000000|46000000|23000000||6000000||28000000|198000000|5000000|-23000000|193000000|218000000|211000000|249000000|193000000|A
2010-10-31|USD|805000000|1645000000|742000000|606000000|203000000|472000000|159000000|724000000|11000000|-27000000||27000000||51000000||30000000|243000000|-49000000|27000000|292000000|429000000|203000000|300000000|292000000|A
2010-07-31|USD|701000000|1360000000|659000000|527000000|115000000|456000000|154000000|730000000|3000000|-24000000||24000000||6000000||27000000|227000000|22000000|24000000|205000000|219000000|115000000|278000000|205000000|A
2010-04-30|USD|689000000|1249000000|560000000|431000000|154000000|407000000|150000000|579000000|3000000|-22000000||22000000||4000000||9000000|139000000|31000000|22000000|108000000|70000000|154000000|170000000|108000000|A
2010-01-31|USD|637000000|1190000000|553000000|427000000|94000000|417000000|149000000|1559000000|3000000|-23000000|-46000000|-23000000||9000000||10000000|83000000|4000000|23000000|79000000|63000000|94000000|70000000|79000000|A
2009-10-31|USD|613000000|1191000000|533000000|413000000|71000000|413000000|150000000|1532000000|4000000|-21000000||21000000||25000000||11000000|79000000|54000000|21000000|25000000|-19000000|71000000|111000000|25000000|A
2009-07-31|USD|518000000|1036000000|518000000|395000000|-1000000|387000000|153000000|1466000000|5000000|-21000000||21000000||-24000000||11000000|-41000000|-22000000|21000000|-19000000|28000000|-1000000|-9000000|-19000000|A
