fiscalDateEnding|reportedCurrency|grossProfit|totalRevenue|costOfRevenue|costofGoodsAndServicesSold|operatingIncome|sellingGeneralAndAdministrative|researchAndDevelopment|operatingExpenses|investmentIncomeNet|netInterestIncome|interestIncome|interestExpense|nonInterestIncome|otherNonOperatingIncome|depreciation|depreciationAndAmortization|incomeBeforeTax|incomeTaxExpense|interestAndDebtExpense|netIncomeFromContinuingOperations|comprehensiveIncomeNetOfTax|ebit|ebitda|netIncome|ticker
2024-09-30|USD|2113000000|6790000000|4677000000|4677000000|1938000000|117000000||306000000||-72000000|101000000|173000000|6680000000|97000000||600000000|1263000000|737000000|173000000|1236000000|527000000|1938000000|2635000000|526000000|FCX
2024-06-30|USD|2240000000|6624000000|4384000000|4384000000|2049000000|123000000||284000000||-88000000|93000000|181000000|6398000000|69000000||509000000|1370000000|754000000|181000000|1280000000|616000000|2049000000|2627000000|616000000|FCX
2024-03-31|USD|1882000000|6321000000|4439000000|4439000000|1634000000|144000000||368000000||-89000000|86000000|175000000|6211000000|129000000||595000000|985000000|512000000|175000000|1162000000|473000000|1634000000|2358000000|473000000|FCX
2023-12-31|USD|1956000000|5905000000|3949000000|3956000000|1722000000|120000000||488000000||-97000000||176000000|5816000000|103000000||589000000|1112000000|724000000|-606000000|-896000000|431000000|1722000000|2208000000|388000000|FCX
2023-09-30|USD|1738000000|5824000000|4086000000|4081000000|1492000000|118000000||326000000||-96000000|69000000|165000000|5869000000|71000000||533000000|962000000|508000000|160000000|964000000|455000000|1492000000|2096000000|454000000|FCX
2023-06-30|USD|1641000000|5737000000|4096000000|4095000000|1410000000|115000000||325000000||-171000000|63000000|234000000|5932000000|24000000||571000000|882000000|539000000|229000000|731000000|344000000|1410000000|1981000000|343000000|FCX
2023-03-31|USD|1825000000|5389000000|3564000000|3564000000|1601000000|126000000||284000000||-151000000|56000000|207000000|5116000000|88000000||487000000|1162000000|499000000|207000000|1049000000|664000000|1601000000|2088000000|663000000|FCX
2022-12-31|USD|1735000000|5758000000|4023000000|4037000000|1530000000|107000000||416000000||-137000000|137000000|137000000|5442000000|140000000||655000000|1254000000|557000000|-527000000|-34000000|762000000|1530000000|2185000000|697000000|FCX
2022-09-30|USD|1104000000|5003000000|3899000000|3874000000|962000000|98000000||225000000||-140000000|42000000|182000000|5329000000|25000000||533000000|719000000|315000000|162000000|560000000|405000000|962000000|1495000000|404000000|FCX
2022-06-30|USD|1888000000|5416000000|3528000000|3510000000|1736000000|100000000||263000000||-156000000|33000000|189000000|6177000000|11000000||516000000|1411000000|571000000|181000000|1038000000|841000000|1736000000|2252000000|840000000|FCX
2022-03-31|USD|2964000000|6603000000|3639000000|3639000000|2809000000|115000000||250000000||-127000000|26000000|153000000|6363000000|31000000||520000000|3105000000|824000000|153000000|1527000000|1528000000|2809000000|3329000000|2281000000|FCX
2021-12-31|USD|2441000000|6164000000|3723000000|3722000000|2305000000|94000000||336000000||-171000000|171000000|171000000|6008000000|-161000000||568000000|3849000000|625000000|-482000000|292000000|1290000000|2305000000|2695000000|3224000000|FCX
2021-09-30|USD|2532000000|6083000000|3551000000|3537000000|2462000000|102000000||167000000||-138000000|19000000|157000000|6194000000|36000000||528000000|2027000000|628000000|157000000|1723000000|1403000000|2462000000|2966000000|1399000000|FCX
2021-06-30|USD|2198000000|5748000000|3550000000|3550000000|2067000000|87000000||213000000||-148000000|17000000|165000000|5615000000|9000000||483000000|1686000000|603000000|165000000|1331000000|1087000000|2067000000|2556000000|1083000000|FCX
2021-03-31|USD|1644000000|4850000000|3206000000|3205000000|1532000000|100000000||175000000||-145000000|15000000|160000000|4671000000|11000000||419000000|1161000000|443000000|160000000|953000000|721000000|1532000000|1962000000|718000000|FCX
2020-12-31|USD|1429000000|4495000000|3066000000|3062000000|1709000000|97000000||-86000000||-236000000|236000000|236000000|4281000000|-3000000||435000000|1319000000|611000000|-489000000|708000000|853000000|1709000000|1655000000|708000000|FCX
2020-09-30|USD|983000000|3851000000|2868000000|2859000000|880000000|72000000||159000000||-120000000|120000000|160000000|3683000000|22000000||394000000|626000000|297000000|219000000|326000000|253000000|880000000|1298000000|329000000|FCX
2020-06-30|USD|441000000|3054000000|2613000000|2752000000|321000000|91000000||146000000||-115000000|115000000|159000000|2866000000|20000000||358000000|149000000|96000000|168000000|50000000|69000000|321000000|699000000|53000000|FCX
2020-03-31|USD|-310000000|2798000000|3108000000|2886000000|-473000000|110000000||183000000||-127000000|127000000|171000000|2997000000|20000000||341000000|-551000000|-60000000|203000000|-494000000|-483000000|-473000000|-101000000|-491000000|FCX
2019-12-31|USD|506000000|3911000000|3405000000|79000000|775000000|94000000||-106000000||-219000000|219000000|219000000|3841000000|-190000000||391000000|338000000|329000000|-508000000|8000000|-97000000|775000000|572000000|9000000|FCX
2019-09-30|USD|120000000|3153000000|3033000000|2987000000|-38000000|101000000||187000000||-123000000|123000000|163000000|3183000000|33000000||322000000|-116000000|91000000|184000000|-211000000|-195000000|-38000000|484000000|-207000000|FCX
2019-06-30|USD|187000000|3546000000|3359000000|3354000000|33000000|92000000||178000000||-132000000|278000000|167000000|3655000000|5000000||352000000|-87000000|-15000000|167000000|-75000000|-60000000|33000000|398000000|-72000000|FCX
2019-03-31|USD|469000000|3792000000|3323000000|404000000|321000000|112000000||178000000||-146000000||178000000|3666000000|14000000||347000000|136000000|105000000|184000000|27000000|42000000|321000000|649000000|31000000|FCX
2018-12-31|USD|361000000|3684000000|3323000000|407000000|316000000|81000000||-82000000||-509000000||509000000|3735000000|13000000||403000000|-174000000|-552000000|-500000000|482000000|418000000|316000000|650000000|378000000|FCX
2018-09-30|USD|1381000000|4908000000|3527000000|458000000|1315000000|101000000||141000000||-143000000||166000000|5026000000|14000000||458000000|1078000000|522000000|166000000|556000000|567000000|1315000000|1717000000|556000000|FCX
2018-06-30|USD|1811000000|5168000000|3357000000|3357000000|1664000000|109000000|24000000|196000000||-142000000||165000000|5221000000|20000000||442000000|1550000000|515000000|156000000|870000000|880000000|1664000000|2081000000|1035000000|FCX
2018-03-31|USD|1609000000|4868000000|3259000000|3259000000|1459000000|131000000|21000000|198000000||-151000000||176000000|4985000000|29000000||451000000|1448000000|506000000|176000000|699000000|704000000|1459000000|1927000000|942000000|FCX
2017-12-31|USD|1780000000|5041000000|3261000000|3268000000|1479000000|115000000|33000000|-15000000||-168000000||168000000|8000000|1000000||457000000|1345000000|136000000|-596000000|1024000000|997000000|1479000000|1922000000|1209000000|FCX
2017-09-30|USD|1098000000|4310000000|3212000000|3220000000|928000000|104000000|27000000|146000000||-304000000||196000000|11000000|-9000000||418000000|632000000|387000000|185000000|274000000|293000000|928000000|1304000000|245000000|FCX
2017-06-30|USD|781000000|3711000000|2930000000|2945000000|686000000|107000000|19000000|78000000||-162000000||192000000|-4000000|-7000000||450000000|521000000|186000000|196000000|257000000|349000000|686000000|1119000000|335000000|FCX
2017-03-31|USD|764000000|3341000000|2577000000|2589000000|597000000|151000000|15000000|157000000||-167000000||195000000|3215000000|8000000||389000000|402000000|174000000|195000000|190000000|239000000|597000000|971000000|228000000|FCX
2016-12-31|USD|1081000000|4377000000|3296000000|9000000|703000000|189000000|64000000|113000000||-181000000||181000000|154000000|-68000000||593000000|492000000|292000000|-622000000|313000000|220000000|703000000|1404000000|200000000|FCX
2016-09-30|USD|466000000|3877000000|3411000000|3431000000|359000000|110000000||336000000||-187000000||211000000|19000000|-10000000||643000000|172000000|-114000000|196000000|242000000|229000000|359000000|979000000|286000000|FCX
2016-06-30|USD|-545000000|3334000000|3879000000|3881000000|18000000|160000000||-298000000||-196000000||218000000|39000000|25000000||652000000|-294000000|116000000|179000000|-289000000|-464000000|18000000|-54000000|-410000000|FCX
2016-03-31|USD|-3706000000|3242000000|6948000000|7269000000|-3872000000|138000000||3927000000||-191000000||228000000|0|36000000||722000000|-4096000000|77000000|228000000|-4173000000|-4184000000|-3872000000|-3114000000|-4173000000|FCX
2015-12-31|USD|-89000000|3516000000|-3422000000|184000000|-4097000000|137000000||3700000000||25000000||187000000|-103000000|-1000000||780000000|-4283000000|-189000000|-642000000|-4066000000|-4075000000|-4097000000|-3318000000|-4094000000|FCX
2015-09-30|USD|-7872000000|3382000000|11336000000|7524000000|-3964000000|122000000||3812000000||-217000000||217000000|0|-41000000||888000000|-4168000000|-349000000|217000000|-3842000000|-3816000000|-3964000000|-3097000000|-3819000000|FCX
2015-06-30|USD|-5320000000|3938000000|9353000000|6483000000|-2421000000|148000000||2778000000||-215000000||215000000|0|36000000||890000000|-2540000000|-699000000|215000000|-1857000000|-1842000000|-2421000000|-1539000000|-1841000000|FCX
2015-03-31|USD|-6218000000|3771000000|10213000000|6955000000|-3030000000|154000000||3219000000||-210000000||210000000|52000000|7000000||939000000|-3159000000|-695000000|210000000|-2489000000|-2462000000|-3030000000|-2056000000|-2464000000|FCX
2014-12-31|USD|135000000|4452000000|5526000000|7377000000|-3299000000|123000000||4429000000||55000000||147000000|570000000|-17000000||939000000|-3544000000|-809000000|-671000000|-3413000000|-3002000000|-3299000000|-1326000000|-2735000000|FCX
2014-09-30|USD|671000000|5542000000|4871000000|4405000000|1132000000|158000000||420000000||-212000000||212000000|58000000|23000000||945000000|911000000|349000000|154000000|704000000|559000000|1132000000|2054000000|562000000|FCX
2014-06-30|USD|1043000000|5302000000|4259000000|4095000000|1153000000|164000000||164000000||-225000000||225000000|5000000|-8000000||1013000000|820000000|328000000|220000000|660000000|483000000|1153000000|2158000000|492000000|FCX
2014-03-31|USD|873000000|4711000000|3838000000|3703000000|1111000000|135000000||409000000||-224000000||224000000|-50000000|33000000||966000000|877000000|357000000|224000000|626000000|513000000|1111000000|2110000000|520000000|FCX
2013-12-31|USD|5805000000|5885000000|80000000|76000000|1650000000|200000000||4000000||||167000000|-529000000|-26000000||1019000000|1215000000|508000000|-475000000|1650000000|786000000|1650000000|2643000000|707000000|FCX
2013-09-30|USD|1014000000|5942000000|4928000000|4251000000|1707000000|158000000||1107000000||-223000000||223000000|0|3000000||919000000|1765000000|499000000|223000000|1048000000|832000000|1707000000|2629000000|1266000000|FCX
2013-06-30|USD|46000000|4121000000|4075000000|3383000000|639000000|186000000||1125000000||-167000000||167000000|0|13000000||530000000|522000000|40000000|167000000|610000000|487000000|639000000|1310000000|482000000|FCX
2013-03-31|USD|1302000000|4463000000|3161000000|3048000000|1355000000|113000000||233000000||-75000000||75000000|-45000000|-3000000||329000000|1076000000|428000000|120000000|824000000|654000000|1355000000|1681000000|648000000|FCX
2012-12-31|USD|4504000000|4513000000|9000000|3063000000|1358000000|120000000|214000000|9000000||129000000||-129000000|0|4000000||323000000|1125000000|382000000|-129000000|1358000000|676000000|1358000000|1626000000|743000000|FCX
2012-09-30|USD|1361000000|4361000000|3000000000|2890000000|1411000000|110000000|79000000|166000000||-56000000||56000000|0|-15000000||298000000|1039000000|215000000|56000000|1140000000|833000000|1411000000|1694000000|824000000|FCX
2012-06-30|USD|1410000000|4420000000|3010000000|2913000000|1311000000|97000000|73000000|152000000||-55000000||55000000|0|51000000||291000000|1132000000|422000000|55000000|894000000|715000000|1311000000|1683000000|710000000|FCX
2012-03-31|USD|1575000000|4374000000|2799000000|2695000000|1734000000|104000000|62000000|335000000||-63000000||99000000|-168000000|-13000000||267000000|1255000000|491000000|231000000|1001000000|776000000|1734000000|2011000000|764000000|FCX
2011-12-31|USD|4162000000|4162000000|3197000000|2660000000|1297000000|92000000|77000000|669000000||-62000000||62000000|0|18000000||266000000|1029000000|389000000|62000000|1297000000|489000000|1297000000|1599000000|640000000|FCX
2011-09-30|USD|2188000000|5117000000|2929000000|2827000000|2150000000|102000000|78000000|180000000||-78000000||78000000|0|28000000||257000000|1861000000|808000000|78000000|1294000000|1055000000|2150000000|2445000000|1053000000|FCX
2011-06-30|USD|2748000000|5679000000|2931000000|2824000000|2757000000|107000000|66000000|242000000||-74000000||74000000|-61000000|2000000||267000000|2274000000|906000000|135000000|1726000000|1370000000|2757000000|3084000000|1368000000|FCX
2011-03-31|USD|2979000000|5702000000|2723000000|2609000000|2936000000|114000000||121000000||-98000000||98000000|-7000000|10000000||232000000|2483000000|984000000|7000000|1861000000|1504000000|2936000000|3168000000|1499000000|FCX
2010-12-31|USD|5599000000|5599000000|3326000000|2368000000|3097000000|104000000|35000000|4000000||-92000000||92000000|-4000000|-15000000||340000000|2576000000|1027000000|4000000|3097000000|1486000000|3097000000|3437000000|1549000000|FCX
2010-09-30|USD|-2537000000|5152000000|2537000000|2534000000|2499000000|81000000|35000000|81000000||-103000000||103000000|0|-19000000||268000000|2023000000|845000000|0|1533000000|1200000000|2499000000|2786000000|1178000000|FCX
2010-06-30|USD|-2351000000|3814000000|2301000000|2301000000|1424000000|101000000||151000000||-122000000||122000000|-50000000|9000000||249000000|1097000000|433000000|50000000|832000000|666000000|1424000000|1673000000|664000000|FCX
2010-03-31|USD|-2216000000|4336000000|2189000000|2189000000|2048000000|95000000||122000000||-145000000||145000000|-27000000|12000000||271000000|1623000000|678000000|27000000|1215000000|948000000|2048000000|2319000000|945000000|FCX
2009-12-31|USD|4647000000|4593000000|2204000000|0|2239000000|96000000||-37000000||||135000000|-17000000|-29000000||344000000|1769000000|750000000|17000000|2239000000|1019000000|2239000000|2637000000|1019000000|FCX
2009-09-30|USD|-1998000000|4113000000|1967000000|0|2084000000|74000000||105000000||||162000000|-31000000|-7000000||269000000|1663000000|684000000|31000000|1203000000|986000000|2084000000|2353000000|979000000|FCX
2009-06-30|USD|-2065000000|3684000000|2065000000|0|1508000000|89000000||87000000||||158000000|0|-3000000||259000000|1190000000|542000000|0|812000000|654000000|1508000000|1506000000|648000000|FCX
2009-03-31|USD|-1768000000|45000000|1813000000|19000000|672000000|62000000||1930000000||45000000||-45000000|0|-14000000||265000000|538000000|331000000|-45000000|1076000000|275000000|672000000|962000000|207000000|FCX
