fiscalDateEnding|reportedCurrency|grossProfit|totalRevenue|costOfRevenue|costofGoodsAndServicesSold|operatingIncome|sellingGeneralAndAdministrative|researchAndDevelopment|operatingExpenses|investmentIncomeNet|netInterestIncome|interestIncome|interestExpense|nonInterestIncome|otherNonOperatingIncome|depreciation|depreciationAndAmortization|incomeBeforeTax|incomeTaxExpense|interestAndDebtExpense|netIncomeFromContinuingOperations|comprehensiveIncomeNetOfTax|ebit|ebitda|netIncome|ticker
2024-09-30|USD|2205000000|35156000000|32951000000|32144000000|1349000000|815000000||817000000|122000000|-229000000|102000000|337000000|35107000000|||846000000|735000000|113000000|221000000|622000000|616000000|1349000000|2325000000|622000000|MPC
2024-06-30|USD|3384000000|38141000000|34757000000|33945000000|2522000000|823000000||824000000|136000000|-205000000|136000000|328000000|38065000000|||838000000|1888000000|373000000|194000000|1515000000|1506000000|2522000000|2999000000|1515000000|MPC
2024-03-31|USD|2296000000|32657000000|30361000000|29593000000|1784000000|779000000||759000000|140000000|-330000000|101000000|330000000|32706000000|||827000000|1230000000|293000000|179000000|937000000|925000000|1784000000|2398000000|937000000|MPC
2023-12-31|USD|272000000|272000000|33770000000|32582000000|2395000000|820000000||-136000000|191000000|-348000000|291000000|348000000|36163000000|||828000000|1858000000|407000000|111000000|272000000|1369000000|2395000000|2958000000|1451000000|MPC
2023-09-30|USD|5100000000|40832000000|35732000000|34928000000|4753000000|824000000||714000000|182000000|-320000000|138000000|320000000|40811000000|||845000000|4284000000|1004000000|118000000|3280000000|3261000000|4753000000|5117000000|3280000000|MPC
2023-06-30|USD|3854000000|36295000000|32441000000|31762000000|3305000000|704000000||691000000|150000000|-317000000|142000000|317000000|36343000000|||122085|2809000000|583000000|142000000|2226000000|2205000000|3305000000|3966000000|2226000000|MPC
2023-03-31|USD|4653000000|34615000000|29962000000|29294000000|4061000000|691000000||688000000|149000000|-317000000|162000000|317000000|34855000000|||800000000|3547000000|823000000|154000000|2724000000|2713000000|4061000000|4783000000|2724000000|MPC
2022-12-31|USD|2925000000|37659000000|34734000000|33575000000|4739000000|763000000||1171000000|139000000|-356000000|197000000|356000000|37695000000|||794000000|4305000000|984000000|186000000|3249000000|3502000000|4739000000|5358000000|3321000000|MPC
2022-09-30|USD|7382000000|46908000000|39526000000|38821000000|6686000000|712000000||-367000000|59000000|-303000000|244000000|303000000|46845000000|||794000000|5903000000|1426000000|240000000|4477000000|4363000000|6686000000|6256000000|4477000000|MPC
2022-06-30|USD|8841000000|53774000000|44933000000|44207000000|8328000000|694000000||655000000|18000000|-299000000|18000000|299000000|53795000000|||819000000|7672000000|1799000000|312000000|5873000000|5882000000|8328000000|9115000000|5873000000|MPC
2022-03-31|USD|2341000000|37991000000|35650000000|35068000000|1716000000|603000000||648000000|5000000|-288000000|5000000|288000000|38058000000|||805000000|1127000000|282000000|262000000|845000000|838000000|1716000000|2542000000|845000000|MPC
2021-12-31|USD|2111000000|35357000000|33246000000|32184000000|1778000000|656000000||1046000000|6000000|-336000000|430000000|336000000|35200000000|||813000000|1017000000|243000000|430000000|774000000|1051000000|1778000000|2423000000|774000000|MPC
2021-09-30|USD|1927000000|32181000000|30254000000|29563000000|1340000000|681000000||681000000|5000000|-323000000|5000000|323000000|32321000000|||836000000|676000000|-18000000|328000000|694000000|690000000|1340000000|2044000000|694000000|MPC
2021-06-30|USD|1569000000|29427000000|27858000000|27177000000|965000000|625000000||625000000|2000000|-318000000|2000000|318000000|29615000000|||871000000|8517000000|5000000|372000000|298000000|8683000000|965000000|1687000000|8512000000|MPC
2021-03-31|USD|821000000|22480000000|21659000000|21084000000|217000000|575000000||572000000|1000000|-354000000|353000000|354000000|22714000000|||844000000|-208000000|34000000|353000000|-476000000|-241000000|217000000|967000000|-242000000|MPC
2020-12-31|USD|17972000000|17972000000|18428000000|17216000000|390000000|630000000||1139000000|0|-368000000|333000000|368000000|17972000000|||849000000|92000000|-193000000|333000000|250000000|107000000|390000000|1229000000|285000000|MPC
2020-09-30|USD|-1021000000|17112000000|18133000000|16673000000|-1057000000|673000000||1453000000|1000000|-354000000|343000000|354000000|17409000000|||830000000|-1322000000|-436000000|359000000|-1257000000|-884000000|-1057000000|430000000|-886000000|MPC
2020-06-30|USD|304000000|14852000000|14548000000|11502000000|575000000|665000000||769000000|2000000|-347000000|2000000|347000000|15026000000|||833000000|159000000|150000000|341000000|276000000|-1000000|575000000|1353000000|9000000|MPC
2020-03-31|USD|-6353000000|25108000000|31461000000|20342000000|-12155000000|742000000||8639000000|6000000|-347000000|6000000|347000000|25219000000|||863000000|-11185000000|-1951000000|332000000|-10218000000|-9240000000|-12155000000|-2237000000|-9234000000|MPC
2019-12-31|USD|31092000000|31092000000|29678000000|24602000000|558000000|779000000||2292000000|10000000|-326000000|10000000|326000000|28008000000|||390000000|627000000|184000000|297000000|841000000|335000000|558000000|1343000000|443000000|MPC
2019-09-30|USD|2779000000|31043000000|28150000000|24345000000|1680000000|761000000||846000000|12000000|-335000000|12000000|335000000|31047000000|||17000000|1350000000|255000000|312000000|1367000000|1044000000|1680000000|1702000000|1095000000|MPC
2019-06-30|USD|2829000000|33547000000|30601000000|29682000000|1698000000|886000000||915000000|9000000|-337000000|9000000|337000000|33551000000|||15000000|1459000000|353000000|322000000|1367000000|1096000000|1698000000|1811000000|1106000000|MPC
2019-03-31|USD|1621000000|28267000000|26637000000|25960000000|526000000|867000000||667000000|9000000|-318000000|299000000|318000000|28355000000|||14000000|97000000|104000000|306000000|259000000|-14000000|526000000|429000000|-7000000|MPC
2018-12-31|USD|32333000000|32333000000|29393000000|19275000000|2017000000|1005000000||1264000000|16000000|-335000000||335000000|32329000000|||874000000|1190000000|239000000|375000000|2017000000|975000000|2017000000|3001000000|951000000|MPC
2018-09-30|USD|1913000000|22988000000|20902000000|20606000000|1403000000|445000000||444000000|26000000|-221000000||221000000|22788000000|||555000000|959000000|222000000|240000000|941000000|802000000|1403000000|1816000000|737000000|MPC
2018-06-30|USD|2204000000|22317000000|19941000000|19655000000|1711000000|424000000||421000000|25000000|-220000000||220000000|22121000000|||533000000|1336000000|281000000|195000000|1235000000|1055000000|1711000000|2159000000|1055000000|MPC
2018-03-31|USD|923000000|18866000000|17776000000|17370000000|440000000|402000000||400000000|20000000|-195000000||195000000|-2000000|||528000000|59000000|22000000|183000000|235000000|35000000|440000000|880000000|37000000|MPC
2017-12-31|USD|21055000000|21055000000|19371000000|19425000000|1168000000|408000000||511000000|11000000|-164000000||164000000|216000000|||540000000|850000000|-1166000000|209000000|1119000000|2024000000|1168000000|1522000000|2016000000|MPC
2017-09-30|USD|2109000000|19210000000|17035000000|16617000000|1577000000|411000000||412000000|7000000|-158000000||158000000|19053000000|||517000000|1318000000|415000000|158000000|1004000000|900000000|1577000000|2009000000|903000000|MPC
2017-06-30|USD|1523000000|18180000000|16593000000|16101000000|982000000|485000000||478000000|4000000|-155000000||155000000|7000000|||521000000|733000000|250000000|158000000|574000000|484000000|982000000|1499000000|483000000|MPC
2017-03-31|USD|1000000000|16288000000|15342000000|14946000000|291000000|390000000||384000000|5000000|-148000000||148000000|5000000|||536000000|71000000|41000000|149000000|101000000|27000000|291000000|766000000|30000000|MPC
2016-12-31|USD|17155000000|17155000000|16031000000|15568000000|553000000|398000000||450000000|1000000|-130000000||130000000|252000000|||504000000|355000000|128000000|144000000|553000000|320000000|553000000|1000000000|227000000|MPC
2016-09-30|USD|1248000000|16618000000|15284000000|14858000000|435000000|420000000||419000000|3000000|-138000000||138000000|1000000|||507000000|220000000|75000000|141000000|219000000|139000000|435000000|1149000000|145000000|MPC
2016-06-30|USD|1579000000|16811000000|15130000000|14723000000|1315000000|401000000||402000000|1000000|-133000000||133000000|0|||500000000|1196000000|395000000|137000000|783000000|798000000|1315000000|1866000000|801000000|MPC
2016-03-31|USD|616000000|12755000000|12055000000|11542000000|75000000|378000000||482000000|1000000|-137000000||137000000|25000000|||490000000|12000000|11000000|142000000|-78000000|1000000|75000000|647000000|1000000|MPC
2015-12-31|USD|15607000000|15607000000|14783000000|14311000000|338000000|433000000||461000000|1000000|-89000000||89000000|12000000|||413000000|254000000|67000000|103000000|338000000|181000000|338000000|750000000|187000000|MPC
2015-09-30|USD|2118000000|18716000000|16551000000|16153000000|1549000000|392000000||390000000|2000000|-66000000||66000000|2000000|||364000000|1469000000|521000000|70000000|958000000|945000000|1549000000|2032000000|948000000|MPC
2015-06-30|USD|1797000000|20537000000|18703000000|18305000000|1335000000|393000000||394000000|2000000|-61000000||61000000|-1000000|||362000000|1258000000|432000000|64000000|839000000|830000000|1335000000|1678000000|826000000|MPC
2015-03-31|USD|1909000000|17191000000|15244000000|14876000000|1470000000|358000000||353000000|1000000|-72000000||72000000|5000000|||363000000|1377000000|486000000|81000000|903000000|891000000|1470000000|1813000000|891000000|MPC
2014-12-31|USD|22250000000|22250000000|20540000000|20148000000|1259000000|371000000||364000000|2000000|-73000000|-5000000|68000000|7000000|||359000000|1180000000|382000000|72000000|1259000000|713000000|1259000000|1593000000|798000000|MPC
2014-09-30|USD|1507000000|25438000000|23899000000|23557000000|1062000000|342000000||340000000|2000000|-47000000|2000000|49000000|3000000|-3000000||322000000|1005000000|333000000|50000000|679000000|662000000|1062000000|1353000000|672000000|MPC
2014-06-30|USD|1823000000|26844000000|25011000000|24695000000|1369000000|316000000||305000000|1000000|-41000000|1000000|42000000|10000000|-7000000||325000000|1312000000|457000000|48000000|864000000|842000000|1369000000|1637000000|855000000|MPC
2014-03-31|USD|844000000|23285000000|22401000000|22055000000|361000000|346000000||492000000|2000000|-41000000|2000000|43000000|1000000|-5000000||320000000|307000000|108000000|46000000|207000000|198000000|361000000|645000000|199000000|MPC
2013-12-31|USD|24897000000|24897000000|23400000000|23072000000|1008000000|336000000||448000000|2000000|-33000000|9000000|42000000|3000000|-6000000||332000000|964000000|338000000|54000000|1008000000|627000000|1008000000|1317000000|626000000|MPC
2013-09-30|USD|726000000|26256000000|25489000000|25184000000|301000000|305000000||427000000|2000000|-41000000||41000000|0|-6000000||299000000|249000000|81000000|41000000|173000000|217000000|301000000|590000000|168000000|MPC
2013-06-30|USD|1358000000|25677000000|24274000000|23916000000|960000000|358000000||483000000|3000000|-42000000|-4000000|38000000|1000000|-3000000||294000000|909000000|316000000|45000000|599000000|721000000|960000000|1254000000|593000000|MPC
2013-03-31|USD|1558000000|23330000000|21741000000|21492000000|1156000000|249000000||403000000|2000000|-42000000|-4000000|38000000|1000000|-6000000||287000000|1103000000|378000000|48000000|730000000|807000000|1156000000|1442000000|725000000|MPC
2012-12-31|USD|20686000000|20686000000|18402000000|18818000000|1189000000|314000000||-171000000|2000000|-42000000|102000000|144000000|-1000000|-4000000||283000000|1140000000|385000000|62000000|1189000000|780000000|1189000000|1465000000|755000000|MPC
2012-09-30|USD|1850000000|21049000000|19198000000|18653000000|1895000000|293000000||456000000|1000000|-18000000|2000000|20000000|175000000|-7000000||240000000|1870000000|646000000|20000000|1895000000|1232000000|1895000000|2130000000|1224000000|MPC
2012-06-30|USD|1418000000|20243000000|18824000000|18217000000|1307000000|365000000||717000000|1000000|-46000000|1000000|47000000|1000000|-7000000||231000000|1290000000|476000000|17000000|1307000000|1179000000|1337000000|1568000000|814000000|MPC
2012-03-31|USD|1075000000|20265000000|19190000000|18689000000|956000000|251000000||671000000|1000000|-45000000|1000000|46000000|2000000|-7000000||224000000|934000000|338000000|22000000|956000000|613000000|980000000|1204000000|596000000|MPC
2011-12-31|USD|19420000000|19420000000|19473000000|18948000000|-387000000|255000000||442000000|1000000|-17000000|29000000|46000000|2000000|7000000||223000000|-180000000|-105000000|46000000|-158000000|-353000000|-387000000|89000000|-75000000|MPC
2011-09-30|USD|1873000000|20616000000|18743000000|18225000000|1852000000|299000000||621000000|1000000|-16000000|29000000|45000000|5000000|-5000000||219000000|1744000000|611000000|45000000|1759000000|1128000000|1852000000|2008000000|1133000000|MPC
2011-06-30|USD|2334000000|20760000000|18426000000|17923000000|1394000000|288000000||558000000|1000000|-13000000|29000000|42000000|4000000|-3000000||215000000|1333000000|531000000|42000000|1325000000|828000000|1375000000|1590000000|802000000|MPC
2011-03-31|USD|2529000000|17842000000|15342000000|15342000000|886000000|217000000||501000000||-11000000||14000000||-3000000||216000000|822000000|293000000||819000000|541000000|886000000|1035000000|529000000|MPC
2010-12-31|USD|2223000000|17433000000|15238000000|15238000000|155000000|214000000||535000000||||2000000||-2000000||218000000|361000000|131000000||351000000|73000000|155000000|571000000|230000000|MPC
2010-09-30|USD|2313000000|15897000000|13615000000|13615000000|496000000|226000000||519000000||||6000000||-2000000||234000000|439000000|162000000||443000000|270000000|496000000|677000000|277000000|MPC
2010-06-30|USD|1178000000|15795000000|14629000000|14629000000|721000000|228000000||560000000||||43000000||||269000000|640000000|235000000||636000000|481000000|721000000|884000000|405000000|MPC
2010-03-31|USD|1287000000|13362000000|12104000000|12104000000|-419000000|206000000||494000000||||4000000||||220000000|-417000000|-128000000||-419000000||-419000000|-199000000|-289000000|MPC
