fiscalDateEnding|reportedCurrency|grossProfit|totalRevenue|costOfRevenue|costofGoodsAndServicesSold|operatingIncome|sellingGeneralAndAdministrative|researchAndDevelopment|operatingExpenses|investmentIncomeNet|netInterestIncome|interestIncome|interestExpense|nonInterestIncome|otherNonOperatingIncome|depreciation|depreciationAndAmortization|incomeBeforeTax|incomeTaxExpense|interestAndDebtExpense|netIncomeFromContinuingOperations|comprehensiveIncomeNetOfTax|ebit|ebitda|netIncome|ticker
2024-12-31|USD|4479149000|10246513000|5767364000|5767364000|2272766000|1429878000|776505000|2206383000||-138498000|54105000|192603000|52855000|||4241040000|2134268000|265661000||1868607000|2575391000|2272766000|6182705000|1868607000|NFLX
2024-09-30|USD|4704819000|9824703000|5119884000|5119884000|2909477000|1060279000|735063000|1795342000||-206523000||184830000|-104809000|||3780435000|2702954000|339445000||2363509000|2108001000|2887784000|6668219000|2363509000|NFLX
2024-06-30|USD|4385167000|9559310000|5174143000|5174216000|2602837000|1071076000|711254000|1782330000||-88981000|79005000|167986000|42692000|||3850917000|2513856000|366550000||2147306000|2170071000|2681842000|6532759000|2147306000|NFLX
2024-03-31|USD|4393367000|9370440000|4977073000|4977267000|2632534000|1058360000|702473000|1760833000||-173314000|155359000|173314000|130801000|||3758039000|2614579000|282370000|173314000|2332209000|2444275000|2787893000|6545932000|2332209000|NFLX
2023-12-31|USD|3525340000|8832825000|5307485000|5307485000|1496109000|3087890000|673341000|3761231000||-175212000||175212000|-239371000|||3840646000|1148150000|210312000|175212000|937838000|869464000|1323362000|5336755000|937838000|NFLX
2023-09-30|USD|3610880000|8541668000|4930788000|4930788000|1916394000|1037327000|657159000|1694486000||-175563000|7345000|175563000|172678000|||3664013000|1909049000|231627000|175563000|1677422000|1661117000|2084612000|5580407000|1677422000|NFLX
2023-06-30|USD|3513831000|8187301000|4673470000|4673470000|1827183000|1028665000|657983000|1686648000||-174812000|26961000|174812000|-28952000|26961000||3526367000|1679332000|191722000|174812000|1487610000|1540039000|1854144000|5353550000|1487610000|NFLX
2023-03-31|USD|3357878000|8161503000|4803625000|4803625000|1714317000|956286000|687275000|1643561000||-174239000|71204000|174239000|-80651000|-71204000||3550319000|1468874000|163754000|174239000|1305120000|1330731000|1643113000|5264636000|1305120000|NFLX
2022-12-31|USD|2447893000|7852053000|5404160000|5404160000|549904000|2810063000|673926000|3483989000||-170603000|339965000|170603000|-461681000|-339965000||4038214000|39336000|-15948000|170603000|55284000|85621000|209939000|4588118000|55284000|NFLX
2022-09-30|USD|3136924000|7925589000|4788665000|4788665000|1533018000|941167000|662739000|1603906000||-172575000|261404000|172575000|348458000|261404000||4000184000|1621847000|223605000|172575000|1398242000|1295075000|1794422000|5533202000|1398242000|NFLX
2022-06-30|USD|3279386000|7970141000|4690755000|4690755000|1578283000|984257000|716846000|1701103000||-175455000|220226000|175455000|304513000|220226000||3565079000|1623054000|182103000|175455000|1440951000|1370645000|1798509000|5143362000|1440951000|NFLX
2022-03-31|USD|3583062000|7867767000|4284705000|4284705000|1971626000|953906000|657530000|1611436000||-187579000|195645000|187579000|161821000|195645000||3436612000|1979692000|382245000|187579000|1597447000|1563772000|2167271000|5408238000|1597447000|NFLX
2021-12-31|USD|2469743000|7709318000|5239575000|5239575000|631770000|2859503000|647470000|1233088000||-189429000|108512000|189429000|103917000|108512000||3805301000|550853000|-56576000|189429000|607429000|586769000|740282000|4437071000|607429000|NFLX
2021-09-30|USD|3276878000|7483467000|4206589000|4206589000|1755253000|957738000|563887000|1521625000||-190429000|96135000|190429000|136488000|96135000||3033304000|1660959000|211888000|190429000|1449071000|1419461000|1851388000|4788557000|1449071000|NFLX
2021-06-30|USD|3323769000|7341777000|4018008000|4018008000|1847630000|938818000|537321000|1476139000||-191322000||191322000|-63074000|-62519000||2845237000|1593789000|240776000|191322000|1353013000|1358651000|1785111000|4692867000|1353013000|NFLX
2021-03-31|USD|3294771000|7163282000|3868511000|3868511000|1959856000|809708000|525207000|1334915000||-194440000|269086000|194440000|253330000|269086000||2754937000|2034502000|327787000|194440000|1706715000|1666454000|2228942000|4714793000|1706715000|NFLX
2020-12-31|USD|2479282000|6644442000|4165160000|4165160000|954242000|2485104000|486936000|3126440000||-197186000||197186000|-257983000|-250639000||3014568000|506417000|-35739000|197186000|2479282000|587701000|703603000|3968810000|542156000|NFLX
2020-09-30|USD|2567886000|6435637000|3867751000|3867751000|1314863000|799221000|453802000|1253023000||-197079000||197079000|-249194000|-256324000||2762332000|861460000|71484000|197079000|789976000|822901000|1058539000|4077195000|789976000|NFLX
2020-06-30|USD|2504579000|6148286000|3643707000|3643707000|1357928000|711606000|435045000|1146651000||-189151000|133175000|189151000|-119161000|-133175000||2633820000|1035602000|315406000|189151000|720196000|733178000|1224753000|3991748000|720196000|NFLX
2020-03-31|USD|2167990000|5767691000|3599701000|3599701000|958256000|755917000|453817000|1209734000||-184083000|21697000|184083000|93060000|21697000||2511902000|795870000|86803000|184083000|709067000|685534000|979953000|3470158000|709067000|NFLX
2019-12-31|USD|2001411000|5467434000|3466023000|3466023000|458512000|3012523000|537227000|1754194000||-177801000|131378000|177801000|-122100000|-131378000||2607487000|149333000|-437637000|177801000|2001411000|604695000|327134000|3065999000|586970000|NFLX
2019-09-30|USD|2146986000|5244905000|3097919000|3097919000|980239000|786971000|379776000|1779697000||-160660000|192744000|160660000|171360000|192744000||2313335000|1012323000|347079000|160660000|665244000|644350000|1172983000|3293574000|665244000|NFLX
2019-06-30|USD|1917459000|4923116000|3005657000|3005657000|706419000|827807000|383233000|1818930000||-152033000|53470000|152033000|-61284000|-53470000||2265067000|500916000|230266000|152033000|270650000|275898000|652949000|2971486000|270650000|NFLX
2019-03-31|USD|1650378000|4520992000|2870614000|2870614000|459084000|818530000|372764000|1766010000||-135529000|76104000|135529000|57600000|76104000||2156756000|399659000|55607000|135529000|344052000|338034000|535188000|2615840000|344052000|NFLX
2018-12-31|USD|1453441000|4186841000|2733400000|2733400000|215767000|2432979000|327975000|2671636000||-128807000||128807000|21953000|32436000||2085844000|119396000|-14538000|128807000|1453441000|128860000|248203000|2301611000|133934000|NFLX
2018-09-30|USD|1468246000|3999374000|2531128000|2412346000|480668000|779334000|308620000|1777451000||-108862000||108862000|7670000|7004000||1942887000|378810000|-24025000|108862000|402835000|400754000|487672000|2423555000|402835000|NFLX
2018-06-30|USD|1504839000|3907270000|2402431000|2289867000|462213000|837977000|299095000|1783600000||-101605000||101605000|85410000|68028000||1848707000|428636000|44287000|101605000|384349000|367658000|530241000|2310920000|384349000|NFLX
2018-03-31|USD|1400277000|3700856000|2300579000|2196075000|446578000|757473000|282310000|1637184000||-81219000||81219000|-41080000|-65743000||1779019000|299616000|9492000|81219000|290124000|314945000|380835000|2225597000|290124000|NFLX
2017-12-31|USD|1071421000|3285755000|2214334000|2107354000|245303000|578986000|201573000|578986000||-75292000||75292000|-12850000|-38681000||1745225000|264617000|79100000|75292000|1099301000|190322000|339909000|1990528000|185517000|NFLX
2017-09-30|USD|898620000|2984859000|2086239000|1992980000|208627000|528016000|255236000|1254014000||-60688000||60688000|-50830000|-31702000||1659974000|116237000|-13353000|60688000|129590000|135596000|176925000|1868601000|129590000|NFLX
2017-06-30|USD|793768000|2785464000|1991696000|1902308000|127807000|488266000|267083000|1236375000||-55482000||55482000|-64220000|-58363000||1585856000|13962000|-51638000|55482000|65600000|80091000|69444000|1713663000|65600000|NFLX
2017-03-31|USD|895904000|2636635000|1740731000|1657024000|256942000|465561000|257108000|1174068000||-46742000||46742000|0|13592000||1339330000|223792000|45570000|46742000|178222000|180928000|270534000|1596272000|178222000|NFLX
2016-12-31|USD|823122000|2477541000|1719716000|1654419000|153934000|397979000|141093000|397979000||-43586000||43586000|22800000|-20079000||1363903000|90269000|23521000|43586000|823122000|54713000|133855000|1517837000|66748000|NFLX
2016-09-30|USD|757344000|2290188000|1593768000|1532844000|106036000|435209000|216099000|1020573000||-35536000||35536000|0|8627000||1257802000|79127000|27610000|35536000|51517000|53198000|114663000|1363838000|51517000|NFLX
2016-06-30|USD|632106000|2105204000|1525397000|1473098000|70370000|354436000|207300000|907443000||-35455000||35455000|0|16317000||1209513000|51232000|10477000|35455000|40755000|36945000|86687000|1279883000|40755000|NFLX
2016-03-31|USD|588196000|1957736000|1418581000|1369540000|49453000|335235000|203508000|869476000||-35537000||35537000|0|25963000||1093760000|39879000|12221000|35537000|27658000|36565000|75416000|1143213000|27658000|NFLX
2015-12-31|USD|573968000|1823333000|1249365000|1249365000|59894000|1047515000|100071000|1518275000||-35429000||35429000||-3734000||996142000|20731000|-22447000|35429000|560568000|37760000|56160000|1056036000|43178000|NFLX
2015-09-30|USD|564397000|1738355000|1173958000|1173958000|73641000|318994000|171762000|773410000||-35333000||35333000||3930000||906039000|42238000|12806000|35333000|29432000|29662000|77571000|979680000|29432000|NFLX
2015-06-30|USD|522942000|1644694000|1121752000|1121752000|74835000|293046000|155061000|699074000||-35217000||35217000||872000||858994000|40490000|14155000|35217000|26335000|31369000|75707000|933829000|26335000|NFLX
2015-03-31|USD|526728000|1573129000|1046401000|1046401000|97456000|286166000|143106000|663867000||-26737000||26737000||-32293000||785870000|38426000|14730000|26737000|23696000|-15012000|65163000|883326000|23696000|NFLX
2014-12-31|USD|470396000|1484728000|1014332000|1014332000|65046000|812574000|51755000|1140129000||-13353000||13353000|-8200000|-6177000||764843000|45516000|-37855000|13353000|431796000|77280000|58869000|829889000|83371000|NFLX
2014-09-30|USD|455038000|1409432000|954394000|954394000|110407000|223678000|120953000|543608000||-13486000||13486000|0|616000||718780000|97537000|38242000|13486000|59295000|54438000|111023000|829187000|59295000|NFLX
2014-06-30|USD|425559000|1340407000|914848000|914848000|129600000|180777000|115182000|471155000||-13328000||13328000|0|1100000||668937000|117372000|46354000|13328000|71018000|73017000|130700000|798537000|71018000|NFLX
2014-03-31|USD|400903000|1270089000|869186000|869186000|97595000|192998000|110310000|479570000||-10052000||10052000|0|1401000||629238000|88944000|35829000|10052000|53115000|54043000|98996000|726833000|53115000|NFLX
2013-12-31|USD|354553000|1175230000|820677000|811849000|82288000|620865000|98128000|870679000||-7438000||7438000|-8400000|-846000||603275000|74004000|25583000|7438000|363381000|50426000|81442000|685563000|48421000|NFLX
2013-09-30|USD|307099000|1105999000|798900000|791019000|57120000|162320000|95540000|407047000||-7436000||7436000|0|-193000||582392000|49491000|17669000|7436000|31822000|35056000|56927000|639512000|31822000|NFLX
2013-06-30|USD|308698000|1069372000|760674000|753525000|57117000|165604000|93126000|403228000||-7528000||7528000|0|-2940000||539985000|46649000|17178000|7528000|29471000|27516000|54177000|597102000|29471000|NFLX
2013-03-31|USD|287009000|1023961000|736952000|726863000|31822000|173301000|91975000|445297000||-6740000||6740000|-25129000|977000||12051000|930000|-1759000|31869000|2689000|61000|7670000|19721000|2689000|NFLX
2012-12-31|USD|249372000|945239000|722059000|695867000|19638000|524795000|82139000|1121084000||-5016000||5016000|-4000000|282000||11963000|14904000|7007000|5016000|249372000|7810000|19920000|31883000|7897000|NFLX
2012-09-30|USD|242451000|905089000|662638000|602165000|16135000|143795000|82521000|226316000||-4990000||4990000|0|801000||11128000|11946000|4271000|4990000|7675000|9720000|16936000|28064000|7675000|NFLX
2012-06-30|USD|245735000|889163000|643428000|583636000|16154000|148034000|81547000|229581000||-5006000||5006000|0|-493000||11047000|10655000|4491000|5006000|6164000|5548000|15661000|26708000|6164000|NFLX
2012-03-31|USD|245858000|869791000|623933000|564015000|-1935000|164992000|82801000|247793000||-4974000||4974000|0|-116000||11331000|-7025000|-2441000|4974000|-4584000|-3713000|-2051000|9280000|-4584000|NFLX
2011-12-31|USD|300420000|875575000|575155000|512578000|61872000|114288000|80783000|238548000||-4942000||4942000||-5037000||11826000|56835000|21616000|4942000|35219000|35337000|61777000|73603000|35219000|NFLX
2011-09-30|USD|285222000|821839000|536617000|471823000|96842000|118900000|69480000|188380000||-4915000||4915000||1696000||11913000|93623000|31163000|4915000|62460000|62164000|98538000|110451000|62460000|NFLX
2011-06-30|USD|298632000|788610000|489978000|428203000|115114000|125653000|57865000|183518000||-5303000||5303000||1013000||10182000|110824000|42610000|5303000|68214000|68508000|116127000|126309000|68214000|NFLX
2011-03-31|USD|280402000|718553000|438151000|376992000|102240000|127257000|50905000|178162000||-4865000||4865000||865000||9826000|98240000|38007000|4865000|60233000|60073000|103105000|112931000|60233000|NFLX
2010-12-31|USD|205132000|595922000|390790000|336756000|78453000|81957000|45959000|126679000||-4832000||4832000||-18691000||9253000|74559000|27464000|4832000|205132000|47572000|79391000|88644000|47095000|NFLX
2010-09-30|USD|208750000|553219000|344469000|292406000|69501000|98373000|42108000|139249000||-4945000||4945000||853000||8678000|65409000|27442000|4945000|37967000|37967000|70354000|79032000|37967000|NFLX
2010-06-30|USD|204885000|519819000|314934000|265387000|77342000|91652000|37863000|127543000||-4893000||4893000||921000||9309000|73370000|29851000|4893000|43519000|43519000|78263000|87572000|43519000|NFLX
2010-03-31|USD|186503000|493665000|307162000|259560000|58345000|92412000|37399000|128158000||-4959000||4959000||972000||10859000|54358000|22086000|4959000|32272000|32272000|59317000|70176000|32272000|NFLX
2009-12-31|USD|169056000|444542000|275486000|231598000|53349000|84239000|33209000|115707000||-4457000||4457000||2444000||10238000|51336000|20423000|4457000|30913000|31102000|55793000|66031000|30913000|NFLX
2009-09-30|USD|147846000|423120000|275274000|233091000|49337000|70099000|30014000|98509000||-674000||674000||1808000||9618000|50471000|20330000|674000|30141000|30141000|51145000|60763000|30141000|NFLX
2009-06-30|USD|139266000|408509000|269243000|224858000|52782000|59483000|27119000|86484000||-674000||674000||866000||9013000|52974000|20531000|674000|64886000|32443000|53648000|62661000|32443000|NFLX
2009-03-31|USD|134830000|394098000|259268000|259268000|36471000|13014000|24200000|98359000||||670000||||9175000|37411000|15048000||||38081000|47256000|22363000|NFLX
2008-12-31|USD|126749000|359595000|232846000|232846000|37921000|49662000|24052000|88828000||||677000||||9141000|38096000|15364000||||38773000|47914000|22732000|NFLX
2008-09-30|USD|116773000|341269000|224496000|224496000|34074000|11742000|23368000|82699000||||677000||||8643000|34933000|14562000||||35610000|44253000|20371000|NFLX
2008-06-30|USD|107527000|337614000|230087000|230087000|34201000|13419000|22186000|73326000||||681000||||8188000|35924000|9345000||||36605000|44793000|26579000|NFLX
