fiscalDateEnding|reportedCurrency|grossProfit|totalRevenue|costOfRevenue|costofGoodsAndServicesSold|operatingIncome|sellingGeneralAndAdministrative|researchAndDevelopment|operatingExpenses|investmentIncomeNet|netInterestIncome|interestIncome|interestExpense|nonInterestIncome|otherNonOperatingIncome|depreciation|depreciationAndAmortization|incomeBeforeTax|incomeTaxExpense|interestAndDebtExpense|netIncomeFromContinuingOperations|comprehensiveIncomeNetOfTax|ebit|ebitda|netIncome|ticker
2024-12-31|USD|-2426130000|2250830000|4676960000|1409300000|-4030399000|48707000||1569864000||-503233000|-908865000|-405632000|1761878000|||480406000|120085000|114000|-418383000|123753000|-44886000|-285547000|194859000|119971000|WELL
2024-09-30|USD|333668000|2055663000|1721995000|1212701000|-191672000|77901000||505101000||69046000|208096000|139050000|1511105000|-20239000||403779000|445143000|-4706000|139469000|456800000|501276000|584193000|987972000|449849000|WELL
2024-03-31|USD|299302000|1859741000|1560439000|1096913000|-177341000|53318000||462512000||-109114000|52664000|161778000|1360268000|-14131000||365863000|133337000|6191000|161784000|131634000|109469000|295115000|660978000|127146000|WELL
2023-12-31|USD|271129000|1749775000|1478646000|1036078000|-205229000|44327000||440051000||-1809000|168354000|170163000|4753804000|-36307000||380730000|79143000|-4768000|170163000|88440000|70113000|249306000|630036000|83911000|WELL
2023-09-30|USD|269873000|1662013000|1392140000|995273000|-161155000|46106000||392808000||-156532000||156532000|-1000|-38220000||339314000|132054000|4584000|156533000|134722000|73702000|288586000|627900000|127470000|WELL
2023-06-30|USD|317032000|1665478000|1348446000|958672000|-81355000|44287000||387318000||-152337000||152337000|-1000|-11069000||341945000|106543000|3503000|152338000|106342000|131691000|258880000|600825000|103040000|WELL
2023-03-31|USD|206087000|1560729000|1354642000|957753000|-212770000|44371000||396112000||-156165000||156165000|-5000|-22745000||339112000|28718000|3045000|156170000|28635000|33821000|184883000|523995000|25673000|WELL
2022-12-31|USD|172473000|1518531000|1346058000|938838000|-249232000|41319000||396751000||-151733000||151733000|-87000|-24954000||342286000|-7816000|-4088000|151820000|1798000|-48168000|143917000|486203000|-3728000|WELL
2022-09-30|USD|168308000|1473844000|1305536000|912180000|-240039000|34811000||392866000||-139682000||139682000|-2000|-15481000||353699000|-3510000|3257000|139684000|-2653000|63161000|136172000|489871000|-6767000|WELL
2022-06-30|USD|271439000|1472536000|1201097000|854083000|-110576000|36554000||346849000||-127750000||127750000|-603000|-35166000||310295000|92849000|3065000|128353000|95672000|83061000|220599000|530894000|89784000|WELL
2022-03-31|USD|201045000|1395704000|1194659000|853669000|-166818000|37706000||341794000||-128793000||128793000|12000|-26069000||304088000|66938000|5013000|128781000|65751000|44769000|195731000|499819000|61925000|WELL
2021-12-31|USD|204157000|1309264000|1105107000|785179000|-96824000|33109000||327237000||-128797000||128797000|1090000|-15483000||284501000|60723000|2051000|127707000|66194000|40533000|189520000|474021000|58672000|WELL
2021-09-30|USD|209168000|1239797000|1030629000|729400000|-95907000|32256000||301500000||-122522000||122522000|5000|-3575000||267754000|184603000|4940000|122517000|190336000|204434000|307125000|574879000|179663000|WELL
2021-06-30|USD|196125000|1140992000|944867000|642657000|-111575000|31436000||296013000||-122341000||122341000|-55612000|-11687000||240885000|24036000|-2221000|177953000|45757000|26445000|146377000|387262000|26257000|WELL
2021-03-31|USD|135433000|1052062000|916629000|617326000|73309000|29926000||51130000||-129301000||129301000|4643000|-10994000||244426000|75489000|3943000|124658000|72192000|91914000|204790000|449216000|71546000|WELL
2020-12-31|USD|1113016000|1122016000|9000000|620561000|1113016000|27848000||132448000||-127129000||127129000|-13796000|-33088000||242733000|1113306000|290000|140925000|1113016000|141694000|1240435000|1483168000|1113016000|WELL
2020-09-30|USD|89452000|1036874000|947422000|634717000|28713000|31003000||49195000||-124851000||124851000|-33004000|-11544000||255532000|327588000|2003000|157855000|394978000|315972000|452439000|707971000|325585000|WELL
2020-06-30|USD|151705000|1188475000|1036770000|660764000|-242290000|34062000||374584000||-126357000||126357000|-249000|-19411000||265371000|181479000|2233000|126606000|159216000|158603000|307836000|573207000|179246000|WELL
2020-03-31|USD|231640000|1258602000|1026962000|681781000|-112761000|35481000||338109000||-148132000|149658000|148132000|0|-6292000||274801000|315726000|5442000|148132000|329380000|326228000|463858000|738659000|310284000|WELL
2019-12-31|USD|1262822000|1262822000|951769000|662520000|1262822000|26507000||-2299657000||-141264000|126579000|141264000|-2612000|-16042000||262644000|1257990000|-4832000|143876000|1262822000|229843000|1399254000|1661898000|1262822000|WELL
2019-09-30|USD|288985000|1266133000|977148000|655588000|-904946000|31019000||1187745000||-137343000|15637000|137343000|-65824000|-6186000||272445000|593844000|3968000|203167000|647932000|572822000|731187000|1003632000|589876000|WELL
2019-06-30|USD|327247000|1320106000|992859000|701127000|-852117000|33741000||1157736000||-141336000|17356000|141336000|0|-21628000||248052000|139361000|1599000|141336000|150040000|181758000|280697000|528749000|137762000|WELL
2019-03-31|USD|303534000|1272245000|968711000|670807000|-841153000|35282000||1135931000||-147559000|142745000|147559000|-15719000|-8756000||243932000|282692000|2222000|163278000|292302000|265621000|430251000|674183000|280470000|WELL
2018-12-31|USD|1241243000|1241243000|1000601000|650644000|1241243000|31101000||1157151000||-88555000|55814000|144369000|-2078887000|-10502000||242834000|1242747000|1504000|144422000|1241243000|122161000|1387116000|1629950000|1241243000|WELL
2018-09-30|USD|158517000|1236379000|935792000|657157000|-1105588000|28746000||1175479000||-138032000||138032000|1232341000|-88626000||243149000|77801000|1741000|142070000|59503000|70200000|215833000|458982000|76060000|WELL
2018-06-30|USD|161708000|1125912000|842489000|568751000|-815152000|32831000||966802000||-121416000||121416000|1125613000|-10058000||236275000|169949000|3841000|121715000|156518000|124730000|291365000|527640000|166108000|WELL
2018-03-31|USD|250409000|1096965000|846556000|556465000|-730880000|33705000||977577000||-108127000|14648000|122775000|331662000|-3712000||228201000|450935000|1588000|134482000|115371000|469559000|573710000|801911000|449347000|WELL
2017-12-31|USD|941470000|1104257000|162787000|547904000|841649000|28365000||1165270000||-101753000|11975000|113728000|357595000|-3068000||238458000|867312000|25663000|114099000|841649000|-70072000|981040000|1219498000|841649000|WELL
2017-09-30|USD|307435000|1091483000|784048000|523997000|-798705000|29913000||1006545000||-102391000|20187000|122578000|362880000|5030000||230138000|86388000|669000|122578000|87677000|108104000|208966000|439104000|85719000|WELL
2017-06-30|USD|285637000|1058602000|772965000|501855000|-622488000|32632000||901786000||-95330000|20901000|116231000|350084000|38177000||224847000|191661000|-8448000|121746000|161286000|213684000|307892000|532739000|200109000|WELL
2017-03-31|USD|281721000|1062298000|780577000|510169000|-673383000|31101000||943429000||-97849000|20748000|118597000|335785000|220986000||228276000|339032000|2245000|149953000|93518000|329118000|457629000|685905000|336787000|WELL
2016-12-31|USD|1078321000|1078321000|808352000|494835000|1078321000|32807000||941134000||-85729000|23688000|109417000|374616000|197336000||227916000|1061736000|-16585000|126622000|1078321000|331048000|1171153000|1399069000|1078321000|WELL
2016-09-30|USD|321017000|1079133000|758116000|473680000|-564282000|36828000||885299000||-104619000|25080000|129699000|421152000|160602000||218061000|350957000|-305000|129699000|192390000|359718000|480656000|698717000|351262000|WELL
2016-06-30|USD|346185000|1076657000|730472000|458832000|-522968000|39914000||865992000||-108319000|24007000|132326000|422595000|-429000||226569000|211313000|-513000|132359000|209219000|161241000|343639000|570208000|211826000|WELL
2016-03-31|USD|300505000|1047050000|746545000|449636000|-578976000|45691000||879481000||-107772000|25188000|132960000|415687000|-3820000||228696000|163596000|-1725000|132936000|165474000|144511000|296556000|525252000|165321000|WELL
2015-12-31|USD|270848000|1029484000|758636000|438738000|-670299000|36854000||905499000||-98237000|24191000|122428000|472068000|||222809000|151964000|2682000|122233000|118030000|155398000|274392000|497201000|149282000|WELL
2015-09-30|USD|318212000|978997000|660785000|408703000|-464287000|36950000||782499000||-98750000|22380000|121130000|408706000|-585000||205799000|195051000|-3344000|121714000|197211000|185706000|316181000|521980000|198395000|WELL
2015-06-30|USD|299048000|957169000|658121000|398354000|-517987000|38474000||806452000||-98285000|20576000|118861000|377739000|187159000||208802000|336342000|7417000|137748000|140348000|354752000|455203000|664005000|328925000|WELL
2015-03-31|USD|242975000|894177000|651202000|376461000|-486281000|35138000||729256000||-101699000|16994000|118693000|422613000|||188829000|206847000|-304000|134094000|152577000|176664000|325540000|514369000|207151000|WELL
2014-12-31|USD|214064000|867769000|653705000|363016000|-559647000|27616000||759310000||-102759000|10796000|113555000|362328000|103117000||195393000|197353000|-7636000|120038000|95636000|180684000|310908000|506301000|204989000|WELL
2014-09-30|USD|227351000|847523000|620172000|355157000|-502952000|30803000||731922000||-109091000|9344000|118435000|356840000|26972000||200970000|162805000|10198000|115743000|123167000|118546000|281240000|482210000|152607000|WELL
2014-06-30|USD|189855000|826446000|636591000|343754000|-546968000|51660000||738850000||-112132000|8933000|121065000|348378000|-4848000||214449000|86612000|-1569000|120534000|74511000|94958000|207677000|422126000|88181000|WELL
2014-03-31|USD|193241000|801807000|608566000|341431000|-535517000|32865000||729251000||-112239000|8594000|120833000|336307000|-5556000||233318000|64115000|-2260000|120981000|64740000|65487000|184948000|418266000|66375000|WELL
2013-12-31|USD|163734000|788641000|615276000|331853000|-572723000|28519000||749969000||-118135000|8338000|126473000|318928000|-4657000||242023000|42546000|14546000|129940000|33393000|410000|169019000|411042000|28000000|WELL
2013-09-30|USD|149223000|783711000|637707000|342730000|-605818000|28718000||752081000||-108901000|7629000|116530000|315799000|-331000||241027000|34216000|-3077000|112462000|28481000|63392000|150746000|391773000|37293000|WELL
2013-06-30|USD|151392000|678533000|530733000|278587000|-487254000|23902000||634807000||-102989000|7640000|110629000|302465000|-5461000||198062000|6879000|-1215000|110629000|36803000|-7989000|117508000|315570000|8094000|WELL
2013-03-31|USD|100303000|629724000|533612000|253354000|-545599000|27179000||641509000||-99626000|9057000|108683000|299451000|2262000||184688000|68897000|-2763000|108375000|-12488000|49875000|177580000|362268000|71660000|WELL
2012-12-31|USD|117747000|488365000|350794000|160511000|-296058000|20039000||419405000||-69427000|14934000|84361000|258745000|766000||132876000|111036000|3858000|82795000|51110000|101752000|195397000|328273000|107178000|WELL
2012-09-30|USD|131607000|461833000|342532000|144479000|-299177000|23679000||423751000||-86469000|8111000|94580000|290010000|1339000||127844000|54707000|836000|94795000|41780000|57029000|149287000|277131000|53871000|WELL
2012-06-30|USD|130301000|438719000|322781000|136303000|-285348000|25870000||407198000||-87089000|7879000|94968000|277491000|1482000||127599000|79143000|1447000|95544000|37442000|75748000|174111000|301710000|77696000|WELL
2012-03-31|USD|146806000|417996000|288553000|129268000|-235014000|27751000||372407000||-84571000|8141000|92712000|267358000|1686000||120907000|59984000|1470000|92712000|53601000|56688000|152696000|273603000|58514000|WELL
2011-12-31|USD|-11992000|335997000|11992000|111495000|-23984000|20192000||313650000||-79615000|8637000|88252000|256848000|1321000||99855000|42565000|-1951000|87273000|-23984000|33154000|130817000|230672000|44516000|WELL
2011-09-30|USD|254325000|370730000|130461000|103855000|-79571000|19735000||325744000||-79937000|7858000|87795000|249994000|1809000||111582000|54064000|223000|87795000|52309000|53632000|141859000|253441000|53841000|WELL
2011-06-30|USD|137012000|369602000|244047000|210579000|-190996000|19562000||322015000||-71095000|12866000|83961000|239703000|5341000||107255000|87411000|211000|83961000|53811000|87350000|171372000|278627000|87200000|WELL
2011-03-31|USD|63287000|245756000|192190000|137961000|-187598000|17714000||245235000||-47188000|11709000|58897000|169658000|2824000||70743000|32181000|129000|58897000|6006000|32856000|91078000|161821000|32052000|WELL
2010-12-31|USD|62667000|112838000|130478000|96058000|-114216000|14295000||125519000||-33987000|12418000|46405000|140087000|2443000||66397000|45333000|39000|46405000|18400000|46368000|91738000|175724000|45294000|WELL
2010-09-30|USD|46404000|168943000|129742000|69414000|-135898000|11628000||183105000||-34354000|10054000|44408000|143028000|1156000||48565000|836000|52000|53507000|-4309000|-2149000|45244000|95916000|784000|WELL
2010-06-30|USD|90552000|153749000|72579000|59949000|-26516000|11878000||111150000||-28119000|9335000|37454000|144111000|2650000||47451000|51318000|188000|44489000|47703000|46695000|88772000|138003000|51130000|WELL
2010-03-31|USD|140246000|145377000|12513000|12513000|72324000|16821000||124163000||||29791000||||43387000|31405000|84000|||30120000|72324000|115711000|31321000|WELL
