fiscalDateEnding|reportedCurrency|grossProfit|totalRevenue|costOfRevenue|costofGoodsAndServicesSold|operatingIncome|sellingGeneralAndAdministrative|researchAndDevelopment|operatingExpenses|investmentIncomeNet|netInterestIncome|interestIncome|interestExpense|nonInterestIncome|otherNonOperatingIncome|depreciation|depreciationAndAmortization|incomeBeforeTax|incomeTaxExpense|interestAndDebtExpense|netIncomeFromContinuingOperations|comprehensiveIncomeNetOfTax|ebit|ebitda|netIncome|ticker
2024-09-30|USD|8984000000|17702000000|8718000000|5263000000|2771000000|3244000000|2611000000|6213000000|116000000|-667000000|116000000|783000000|914000000|-243000000||1300000000|4699000000|234000000||4481000000|4310000000|5482000000|6782000000|4465000000|PFE
2024-06-30|USD|4878000000|13283000000|8405000000|3300000000|-3204000000|3717000000|2702000000|8082000000|130000000|-648000000|130000000|778000000|2000000|-1107000000||1300000000|-93000000|-134000000||31000000|-17000000|685000000|1985000000|41000000|PFE
2024-03-31|USD|6602000000|14879000000|8277000000|3379000000|-1100000000|3495000000|2493000000|7702000000|129000000|-790000000|129000000|790000000|214000000|-680000000||1300000000|3408000000|293000000|790000000|3128000000|3319000000|4198000000|5498000000|3115000000|PFE
2023-12-31|USD|-3889000000|14249000000|18138000000|7563000000|-17882000000|4575000000|2887000000|13771000000|609000000|-688000000|609000000|688000000|52620000000|479000000||1200000000|-4164000000|-795000000|688000000|-3335000000|-3364000000|-3476000000|-2276000000|-3369000000|PFE
2023-09-30|USD|625000000|13491000000|12607000000|9269000000|-5654000000|3281000000|2778000000|6279000000|523000000|-695000000|424000000|695000000|223000000|-181000000||1200000000|-3346000000|-964000000|695000000|-2388000000|-2247000000|-2651000000|-1451000000|-2382000000|PFE
2023-06-30|USD|5882000000|13007000000|6852000000|3237000000|-646000000|3497000000|2681000000|6528000000|316000000|-508000000|99000000|508000000|14000000|75000000||1184000000|2256000000|-71000000|508000000|2340000000|2514000000|2764000000|4210000000|2327000000|PFE
2023-03-31|USD|9990000000|18486000000|8496000000|4886000000|3738000000|3418000000|2526000000|6252000000|177000000|-318000000|524000000|318000000|33000000|-275000000||41584|6258000000|715000000|318000000|5555000000|5558000000|6576000000|7869000000|5543000000|PFE
2022-12-31|USD|6039000000|24290000000|18251000000|9648000000|-6856000000|4645000000|3688000000|12895000000|137000000|-313000000|57000000|313000000|42000000|846000000||54880|5224000000|230000000|313000000|5001000000|4916000000|5537000000|7562000000|4994000000|PFE
2022-09-30|USD|13091000000|22638000000|9547000000|6063000000|5997000000|3391000000|3220000000|7094000000|70000000|-311000000|403000000|311000000|5000000|59000000||27081|8964000000|356000000|311000000|8645000000|7503000000|9275000000|11249000000|8608000000|PFE
2022-06-30|USD|15598000000|27742000000|12144000000|8648000000|9562000000|3048000000|2816000000|6036000000|30000000|-293000000|30000000|293000000|68000000|-772000000||86065|11476000000|1570000000|293000000|9877000000|8943000000|11769000000|13905000000|9906000000|PFE
2022-03-31|USD|13182000000|25661000000|12479000000|9984000000|7670000000|2593000000|2656000000|5512000000|14000000|-322000000|14000000|322000000|11000000|-350000000||60459|9036000000|1172000000|322000000|7879000000|7604000000|9358000000|11521000000|7864000000|PFE
2021-12-31|USD|6731000000|24730000000|16829000000|9736000000|-7259000000|4104000000|5915000000|13990000000|15000000|-316000000|395000000|316000000|23835000000|835000000||71391|3642000000|249000000|316000000|3851000000|3145000000|3958000000|5568000000|3393000000|PFE
2021-09-30|USD|11443000000|23788000000|12345000000|9932000000|4418000000|2899000000|3443000000|7025000000|10000000|-325000000|10000000|325000000|24113000000|1696000000||54000|7818000000|-328000000|325000000|8155000000|7256000000|8143000000|9360000000|8146000000|PFE
2021-06-30|USD|8878000000|18559000000|9681000000|6996000000|3532000000|2923000000|2458000000|5346000000|13000000|-316000000|637000000|316000000|18875000000|1343000000||55806|6686000000|1123000000|316000000|5539000000|5469000000|7002000000|7345000000|5563000000|PFE
2021-03-31|USD|7518000000|14208000000|6690000000|4157000000|2694000000|2777000000|2013000000|4824000000||-336000000|127000000|336000000|14544000000|1004000000||55213|5685000000|808000000|336000000|4868000000|5523000000|6021000000|6295000000|4877000000|PFE
2020-12-31|USD|678000000|6852000000|5046000000|2711000000|-6368000000|3739000000|3189000000|7046000000|3000000|-271000000|76000000|347000000|5955000000|-99000000||55131|782000000|-64000000|271000000|651000000|1646000000|1129000000|2403000000|846000000|PFE
2020-09-30|USD|5211000000|11713000000|6502000000|2007000000|-1104000000|2658000000|2360000000|6315000000|17000000|-416000000|-71000000|345000000|12129000000|-1878000000||52750|1122000000|-347000000|416000000|909000000|2766000000|1467000000|4470000000|1469000000|PFE
2020-06-30|USD|5874000000|11428000000|5554000000|1826000000|343000000|2659000000|2132000000|5531000000|19000000|-372000000|-5000000|367000000|11800000000|955000000||51116|3911000000|422000000|372000000|2596000000|3314000000|4278000000|4778000000|3489000000|PFE
2020-03-31|USD|6407000000|11657000000|5250000000|1940000000|1733000000|2541000000|1724000000|4674000000|34000000|-390000000|34000000|390000000|12047000000|-190000000||47300|3714000000|359000000|390000000|2474000000|1914000000|4104000000|5374000000|3355000000|PFE
2019-12-31|USD|2168000000|12298000000|10130000000|443000000|-8475000000|2616000000|2823000000|10643000000|41000000|-416000000|-1000000|415000000|12700000000|-2960000000||46467|-2566000000|-1983000000|416000000|-5898000000|-176000000|-2151000000|3168000000|-583000000|PFE
2019-09-30|USD|6113000000|12284000000|6171000000|2602000000|210000000|3260000000|2283000000|5903000000|60000000|-409000000|60000000|409000000|12683000000|-319000000||44646|10727000000|3047000000|409000000|7676000000|7415000000|11136000000|4747000000|7680000000|PFE
2019-06-30|USD|6961000000|12892000000|5931000000|2576000000|1723000000|3511000000|1842000000|5238000000|59000000|-389000000|59000000|389000000|13270000000|-126000000||40963|4131000000|-915000000|389000000|5046000000|4434000000|4520000000|5703000000|5046000000|PFE
2019-03-31|USD|6696000000|12624000000|5928000000|2433000000|1455000000|3339000000|1703000000|5241000000|66000000|-361000000|304000000|361000000|12985000000|-92000000||40374|4317000000|433000000|499000000|3884000000|4236000000|4678000000|6130000000|3884000000|PFE
2018-12-31|USD|2762000000|13734000000|10972000000|814000000|-7824000000|2164000000|2457000000|10586000000|93000000|-370000000||370000000|14104000000|-3220000000||1253000000|-1929000000|-1536000000|373000000|-7712000000|-1252000000|-1559000000|4765000000|-393000000|PFE
2018-09-30|USD|6721000000|12926000000|6205000000|2694000000|1104000000|3494000000|2008000000|5617000000|82000000|-310000000||310000000|13236000000|414000000||1253000000|4180000000|66000000|310000000|4103000000|3700000000|4490000000|5187000000|4114000000|PFE
2018-06-30|USD|6701000000|13159000000|6458000000|2916000000|1381000000|3542000000|1797000000|5320000000|80000000|-326000000||326000000|13485000000|551000000||1191000000|4520000000|648000000|326000000|3872000000|3270000000|4846000000|5255000000|3872000000|PFE
2018-03-31|USD|6673000000|12609000000|5936000000|2563000000|1501000000|3412000000|1743000000|5172000000|77000000|-310000000||310000000|12919000000|178000000||1196000000|4117000000|556000000|313000000|3562000000|3480000000|4427000000|5391000000|3561000000|PFE
2017-12-31|USD|4634000000|12828000000|8194000000|3256000000|-2745000000|4555000000|2290000000|7327000000|116000000|-330000000||330000000|-39887000000|-1351000000||1187000000|938000000|-11336000000|1329000000|12274000000|12117000000|1268000000|3902000000|12274000000|PFE
2017-09-30|USD|6236000000|12871000000|6635000000|2844000000|438000000|3504000000|1865000000|5798000000|99000000|-320000000||320000000|13191000000|-79000000||1177000000|3567000000|727000000|320000000|2840000000|3857000000|3887000000|5393000000|2840000000|PFE
2017-06-30|USD|6439000000|12584000000|6145000000|2660000000|1156000000|3430000000|1787000000|5283000000|94000000|-312000000||312000000|12896000000|75000000||1208000000|3812000000|739000000|312000000|3071000000|3486000000|4124000000|5391000000|3073000000|PFE
2017-03-31|USD|6737000000|12604000000|5867000000|2468000000|1614000000|3315000000|1716000000|5075000000|81000000|-309000000||309000000|48000000|-60000000||1186000000|3942000000|821000000|309000000|3121000000|3563000000|4251000000|5549000000|3121000000|PFE
2016-12-31|USD|-241000000|13229000000|241000000|3211000000|-482000000|4430000000|2512000000|241000000|113000000|-297000000||297000000||-979000000||1121000000|789000000|14000000|609000000|758000000|-2046000000|1086000000|3586000000|775000000|PFE
2016-09-30|USD|5732000000|12987000000|7255000000|3085000000|-279000000|3559000000|1881000000|6011000000|123000000|-291000000||291000000||-1417000000||968000000|1604000000|249000000|291000000|1355000000|2032000000|1895000000|4931000000|1355000000|PFE
2016-06-30|USD|5388000000|13129000000|7741000000|3174000000|-1188000000|3471000000|1748000000|6576000000|122000000|-292000000||292000000||-1068000000||961000000|2394000000|347000000|292000000|2046000000|2676000000|2686000000|5085000000|2047000000|PFE
2016-03-31|USD|6402000000|12886000000|6484000000|2851000000|764000000|3385000000|1731000000|5638000000|113000000|-306000000||306000000||-330000000||1006000000|3551000000|513000000|306000000|3038000000|3040000000|3857000000|5461000000|3038000000|PFE
2015-12-31|USD|354000000|13145000000|12791000000|3410000000|-11375000000|5048000000|2348000000|11729000000|139000000|-335000000||335000000||-2190000000||980000000|-360000000|-188000000|335000000|-169000000|-523000000|-25000000|3285000000|-172000000|PFE
2015-09-30|USD|5374000000|12013000000|6639000000|2219000000|-768000000|3270000000|1722000000|6142000000|121000000|-278000000||278000000||-661000000||937000000|2697000000|567000000|278000000|2122000000|1481000000|2975000000|5151000000|2130000000|PFE
2015-06-30|USD|6156000000|11832000000|5676000000|2180000000|926000000|3386000000|1734000000|5230000000|119000000|-278000000||278000000||-55000000||872000000|3531000000|905000000|278000000|2626000000|2663000000|3809000000|4943000000|2626000000|PFE
2015-03-31|USD|5780000000|10777000000|4997000000|1838000000|736000000|3104000000|1885000000|5044000000|93000000|-309000000||309000000||46000000||940000000|3082000000|706000000|309000000|2371000000|1134000000|3391000000|4317000000|2376000000|PFE
2014-12-31|USD|2007000000|13030000000|11023000000|2702000000|-9523000000|3981000000|3209000000|11530000000|122000000|-353000000||353000000||-344000000||948000000|1773000000|545000000|353000000|1249000000|-2621000000|2126000000|3650000000|1228000000|PFE
2014-09-30|USD|6121000000|12269000000|6148000000|2368000000|539000000|3556000000|1802000000|5582000000|108000000|-343000000||343000000||-94000000||972000000|3577000000|911000000|343000000|2669000000|2351000000|3920000000|5101000000|2666000000|PFE
2014-06-30|USD|6471000000|12534000000|6063000000|2462000000|1111000000|3520000000|1759000000|5703000000|104000000|-239000000|104000000|343000000||53000000||1001000000|3994000000|1082000000|343000000|2912000000|3150000000|4337000000|5393000000|2912000000|PFE
2014-03-31|USD|5844000000|11124000000|5280000000|2045000000|972000000|3040000000|1623000000|5193000000|92000000|-229000000|92000000|321000000||-623000000||1117000000|2911000000|582000000|321000000|2256000000|2210000000|3232000000|4971000000|2329000000|PFE
2013-12-31|USD|4252000000|13475000000|9223000000|2794000000|-3935000000|4152000000|1811000000|8673000000|112000000|56000000|403000000|347000000|-139000000|18000000||1200000000|2998000000|430000000|347000000|2626000000|5653000000|3345000000|4545000000|2568000000|PFE
2013-09-30|USD|5279000000|12303000000|7024000000|2287000000|-1085000000|3395000000|1627000000|6704000000|94000000|-340000000||340000000||-411000000||1117000000|3575000000|985000000|340000000|2582000000|2672000000|3915000000|5670000000|2590000000|PFE
2013-06-30|USD|6721000000|12586000000|5865000000|2242000000|1568000000|3591000000|1530000000|5540000000||-254000000||356000000|-31000000|-29000000||1200000000|15877000000|1782000000|356000000|3565000000|13785000000|16233000000|17433000000|14095000000|PFE
2013-03-31|USD|5496000000|13599000000|8103000000|2263000000|-1675000000|3217000000|1800000000|7072000000||-276000000||371000000|490000000|-128000000||1300000000|3859000000|1109000000|391000000|2607000000|2548000000|4230000000|5530000000|2750000000|PFE
2012-12-31|USD|4848000000|14741000000|9893000000|2753000000|-4490000000|4337000000|2136000000|9704000000||11000000||373000000|7000000|-3875000000||1300000000|6914000000|599000000|373000000|1472000000|6015000000|7287000000|8587000000|6315000000|PFE
2012-09-30|USD|5647000000|13613000000|7966000000|2309000000|-1635000000|3491000000|1981000000|7645000000||-382000000||381000000|19000000|-62000000||1300000000|3025000000|-183000000|382000000|2983000000|3563000000|3406000000|4706000000|3208000000|PFE
2012-06-30|USD|6065000000|13590000000|7525000000|2376000000|-684000000|3665000000|1600000000|7127000000||-378000000||378000000||65000000||1291000000|4433000000|1180000000|378000000|2993000000|867000000|4811000000|6111000000|3253000000|PFE
2012-03-31|USD|5520000000|14495000000|8975000000|2745000000|-2772000000|3968000000|2062000000|8682000000||-390000000||390000000||-175000000||1420000000|2505000000|711000000|390000000|1715000000|2301000000|2895000000|4395000000|1794000000|PFE
2011-12-31|USD|5566000000|17944000000|12378000000|2051000000|-5220000000|3946000000|2625000000|11228000000||60000000||396000000|-46000000|-41000000||1285000000|1893000000|454000000|396000000|869000000|-1474000000|2289000000|3574000000|1439000000|PFE
2011-09-30|USD|6717000000|16207000000|9490000000|3409000000|-1540000000|4457000000|2176000000|8659000000||-423000000||423000000||-113000000||1397000000|4954000000|1216000000|423000000|2314000000|3480000000|5377000000|6777000000|3738000000|PFE
2011-06-30|USD|6081000000|16095000000|10014000000|3571000000|-2593000000|4800000000|2231000000|9064000000||-404000000||404000000||16000000||1395000000|3687000000|1077000000|404000000|2513000000|3712000000|4091000000|5615000000|2610000000|PFE
2011-03-31|USD|6110000000|16056000000|9946000000|3693000000|-2234000000|4503000000|2091000000|8790000000||-458000000||458000000||1000000||1376000000|3116000000|894000000|458000000|2212000000|3602000000|3574000000|5074000000|2222000000|PFE
2010-12-31|USD|5604000000|17402000000|11798000000|3112000000|-4203000000|5197000000|2874000000|10511000000||-461000000||459000000|19000000|184000000||1432000000|878000000|-2012000000|461000000|2987000000|3149000000|1337000000|2769000000|2890000000|PFE
2010-09-30|USD|-212000000|15581000000|212000000|3790000000|-212000000|4599000000|2188000000|8829000000||-427000000||427000000||-3000000||1156000000|1424000000|558000000|427000000|851000000|1574000000|1851000000|3007000000|866000000|PFE
2010-06-30|USD|6300000000|16928000000|10628000000|3684000000|-2825000000|4774000000|2181000000|9329000000||-389000000||389000000||-18000000||1407000000|3947000000|1472000000|389000000|2444000000|10000000|4336000000|5743000000|2475000000|PFE
2010-03-31|USD|5793000000|16099000000|10306000000|4202000000|-2606000000|4403000000|2295000000|8876000000||-522000000||522000000||-52000000||1409000000|3161000000|1135000000|522000000|2005000000|-468000000|3683000000|5092000000|2026000000|PFE
2009-12-31|USD|6113000000|16537000000|10424000000|3506000000|-3237000000|5244000000|2861000000|9350000000||-464000000||463000000||-39000000||1122000000|-40000000|-807000000|464000000|659000000|11866000000|423000000|1545000000|767000000|PFE
2009-09-30|USD|5956000000|11621000000|5665000000|1789000000|448000000|3282000000|1632000000|5508000000||-369000000||369000000||23000000||594000000|3970000000|1092000000|369000000|2876000000|3067000000|4339000000|4951000000|2878000000|PFE
2009-06-30|USD|9228000000|10984000000|1756000000|1756000000|3580000000|3350000000|1715000000|5720000000||||66000000||||583000000|3047000000|786000000||2258000000|4847000000|3967000000|4550000000|2261000000|PFE
2009-03-31|USD|9459000000|10867000000|1408000000|1408000000|4300000000|2876000000|1705000000|5102000000||||115000000||||578000000|3803000000|1074000000||||4911000000|5489000000|2729000000|PFE
2008-12-31|USD|10631000000|12346000000|1715000000|1715000000|4064000000|3659000000|2303000000|6567000000||||95000000||||1178000000|660000000|394000000||||8275000000|9453000000|266000000|PFE
2008-09-30|USD|9851000000|11973000000|2122000000|2122000000|2521000000|3523000000|1885000000|6029000000||||186000000||||1196000000|2741000000|463000000||||4922000000|6118000000|2278000000|PFE
2008-06-30|USD|9840000000|12129000000|2289000000|2289000000|2709000000|3863000000|1966000000|6492000000||||99000000||||1229000000|2801000000|25000000||||3906000000|5135000000|2776000000|PFE
