fiscalDateEnding|reportedCurrency|grossProfit|totalRevenue|costOfRevenue|costofGoodsAndServicesSold|operatingIncome|sellingGeneralAndAdministrative|researchAndDevelopment|operatingExpenses|investmentIncomeNet|netInterestIncome|interestIncome|interestExpense|nonInterestIncome|otherNonOperatingIncome|depreciation|depreciationAndAmortization|incomeBeforeTax|incomeTaxExpense|interestAndDebtExpense|netIncomeFromContinuingOperations|comprehensiveIncomeNetOfTax|ebit|ebitda|netIncome|ticker
2024-12-31|USD|6508000000|11669000000|5161000000|5161000000|3555000000|723000000|2230000000|2953000000|169000000|6000000|169000000|163000000||34000000||436000000|3635000000|455000000||3180000000|2866000000|3798000000|4234000000|3180000000|QCOM
2024-09-30|USD|5777000000|10244000000|4467000000|4467000000|2582000000|761000000|2302000000|3381000000|185000000|5000000|185000000|180000000||-26000000||439000000|2601000000|-319000000||2915000000|3110000000|2781000000|3215000000|2920000000|QCOM
2024-06-23|USD|5219000000|9393000000|4174000000|4174000000|2221000000|664000000|2259000000|2923000000|182000000|-168000000|182000000|168000000||5000000||419000000|2300000000|171000000|168000000|2108000000|2088000000|2468000000|2715000000|2129000000|QCOM
2024-03-31|USD|5283000000|9389000000|4106000000|4106000000|2340000000|707000000|2236000000|2943000000|160000000|-172000000|160000000|172000000||6000000||411000000|2549000000|223000000|172000000|2275000000|2271000000|2721000000|2751000000|2326000000|QCOM
2023-12-31|USD|5623000000|9935000000|4312000000|4312000000|2928000000|627000000|2096000000|2723000000|149000000|-178000000|149000000|178000000||-7000000||437000000|2918000000|151000000|178000000|2811000000|2902000000|3096000000|3337000000|2767000000|QCOM
2023-09-30|USD|4751000000|8631000000|3880000000|3880000000|1410000000|629000000|2135000000|3364000000|120000000|-173000000|120000000|173000000||2000000||462000000|1281000000|-209000000|173000000|1629000000|1418000000|1454000000|1873000000|1490000000|QCOM
2023-06-30|USD|4659000000|8451000000|3792000000|3792000000|1823000000|618000000|2222000000|2840000000|79000000|-172000000|79000000|172000000||4000000||479000000|1825000000|22000000|172000000|1735000000|1815000000|1997000000|2429000000|1803000000|QCOM
2023-03-31|USD|5122000000|9275000000|4153000000|4153000000|2090000000|614000000|2210000000|2824000000|59000000|-179000000|59000000|179000000||-18000000||470000000|1897000000|193000000|179000000|1702000000|1829000000|2076000000|2560000000|1704000000|QCOM
2022-12-31|USD|5419000000|9463000000|4044000000|4044000000|2465000000|623000000|2251000000|2954000000|55000000|-170000000|55000000|170000000|-3000000|-2000000||398000000|2333000000|98000000|170000000|2273000000|2550000000|2503000000|2863000000|2235000000|QCOM
2022-09-30|USD|6527000000|11395000000|4868000000|4868000000|3666000000|683000000|2178000000|3343000000|32000000|-145000000|32000000|145000000|-2000000|-26000000||1538000000|3420000000|547000000|145000000|2923000000|2633000000|3565000000|5204000000|2873000000|QCOM
2022-06-30|USD|6120000000|10936000000|4816000000|4816000000|4472000000|655000000|2052000000|2707000000|22000000|-70000000|22000000|70000000|13000000|-6000000||438000000|4239000000|509000000|70000000|3730000000|3733000000|4309000000|3851000000|3730000000|QCOM
2022-03-31|USD|6516000000|11164000000|4648000000|4648000000|3858000000|624000000|2034000000|2658000000|20000000|-137000000|20000000|137000000|1000000|6000000||415000000|3423000000|489000000|137000000|2934000000|3091000000|3560000000|4273000000|2934000000|QCOM
2021-12-31|USD|6402000000|10705000000|4303000000|4303000000|3864000000|608000000|1930000000|2538000000|17000000|-139000000|17000000|139000000|7000000|140000000||406000000|3865000000|466000000|139000000|3399000000|3329000000|4004000000|4307000000|3399000000|QCOM
2021-09-30|USD|5399000000|9336000000|3937000000|3937000000|2902000000|618000000|1879000000|3039000000|20000000|-138000000|20000000|138000000|-3000000|521000000||425000000|3285000000|487000000|138000000|0|2742000000|3423000000|3327000000|2798000000|QCOM
2021-06-30|USD|4656000000|8060000000|3404000000|3404000000|2195000000|597000000|1864000000|2461000000|21000000|-138000000|21000000|138000000|-3000000|200000000||406000000|2257000000|230000000|138000000|4826000000|1930000000|2395000000|2661000000|2027000000|QCOM
2021-03-31|USD|4503000000|7935000000|3432000000|3432000000|2166000000|557000000|1780000000|2337000000|22000000|-141000000|22000000|141000000|-12000000|104000000||387000000|2129000000|367000000|141000000|1762000000|1750000000|2270000000|2610000000|1762000000|QCOM
2020-12-31|USD|4746000000|8235000000|3489000000|3489000000|2526000000|567000000|1653000000|2220000000|21000000|-141000000|21000000|141000000|-14000000|219000000||364000000|2604000000|149000000|141000000|2455000000|2541000000|2745000000|2963000000|2455000000|QCOM
2020-09-30|USD|5580000000|8346000000|2766000000|2766000000|3452000000|551000000|1582000000|2749000000|21000000|-166000000|21000000|166000000|-4000000|19000000||339000000|3306000000|346000000|149000000|0|3055000000|3472000000|3791000000|2960000000|QCOM
2020-06-30|USD|2813000000|4893000000|2080000000|2080000000|782000000|511000000|1520000000|2008000000|30000000|-143000000|30000000|143000000|-6000000|229000000||363000000|868000000|23000000|143000000|3805000000|902000000|1011000000|1226000000|845000000|QCOM
2020-03-31|USD|2919000000|5216000000|2297000000|2297000000|991000000|483000000|1468000000|1928000000|47000000|-146000000|47000000|146000000|6000000|-247000000||340000000|598000000|130000000|146000000|468000000|386000000|744000000|1300000000|468000000|QCOM
2019-12-31|USD|2964000000|5077000000|2113000000|2113000000|1030000000|528000000|1406000000|1934000000|69000000|-148000000|69000000|148000000|-3000000|65000000||351000000|947000000|22000000|148000000|925000000|962000000|1095000000|1440000000|925000000|QCOM
2019-09-30|USD|2696000000|4814000000|2118000000|2118000000|701000000|549000000|1441000000|2723000000|79000000|-150000000|79000000|150000000|11000000|64000000||350000000|614000000|108000000|150000000|701000000|411000000|764000000|1051000000|506000000|QCOM
2019-06-30|USD|7521000000|9635000000|2114000000|2114000000|5317000000|547000000|1380000000|1927000000|81000000|-160000000|81000000|160000000|-5000000|344000000||353000000|5501000000|3352000000|160000000|2149000000|2171000000|5661000000|5729000000|2149000000|QCOM
2019-03-31|USD|2803000000|4982000000|2179000000|2179000000|940000000|573000000|1308000000|1881000000|80000000|-162000000|74000000|162000000|-1000000|28000000||345000000|806000000|143000000|162000000|663000000|634000000|968000000|1329000000|663000000|QCOM
2018-12-31|USD|2654000000|4842000000|2188000000|2188000000|710000000|526000000|1269000000|1946000000|74000000|-156000000||156000000|6000000|5000000||353000000|559000000|-509000000|156000000|1068000000|1056000000|715000000|1116000000|1068000000|QCOM
2018-09-30|USD|2928000000|5778000000|2850000000|2850000000|-679000000|689000000|1388000000|3099000000|164000000|-207000000||207000000|17000000|86000000||396000000|-800000000|-287000000|207000000|-654000000|-571000000|-593000000|-258000000|-513000000|QCOM
2018-06-30|USD|3086000000|5577000000|2491000000|2491000000|903000000|655000000|1416000000|2071000000|182000000|-212000000||212000000|112000000|243000000||414000000|934000000|-268000000|212000000|1219000000|980000000|1146000000|1493000000|1202000000|QCOM
2018-03-31|USD|2981000000|5220000000|2239000000|2239000000|400000000|869000000|1402000000|2271000000|154000000|-179000000||179000000|-90000000|96000000||388000000|317000000|-13000000|179000000|363000000|490000000|496000000|829000000|330000000|QCOM
2017-12-31|USD|3372000000|6035000000|2663000000|2663000000|-4000000|773000000|1420000000|2193000000|126000000|-170000000||170000000|-4000000|114000000||363000000|-60000000|5923000000|170000000|-5953000000|-5981000000|110000000|497000000|-5983000000|QCOM
2017-09-30|USD|3236000000|5888000000|2652000000|2653000000|316000000|741000000|1398000000|2916000000|153000000|-164000000||164000000|-4000000|265000000||397000000|417000000|260000000|164000000|333000000|241000000|581000000|730000000|157000000|QCOM
2017-06-30|USD|2868000000|5356000000|2488000000|2488000000|758000000|710000000|1391000000|2101000000|147000000|-133000000||133000000|-26000000|218000000||393000000|844000000|-12000000|133000000|865000000|916000000|977000000|1282000000|856000000|QCOM
2017-03-31|USD|2808000000|5016000000|2208000000|2208000000|729000000|615000000|1386000000|2001000000|153000000|-107000000||107000000|0|235000000||342000000|857000000|108000000|107000000|749000000|792000000|964000000|1071000000|749000000|QCOM
2016-12-31|USD|3556000000|5999000000|2443000000|2443000000|778000000|591000000|1311000000|1934000000|167000000|-90000000||90000000|0|182000000||329000000|871000000|189000000|90000000|681000000|440000000|961000000|1277000000|682000000|QCOM
2016-09-30|USD|3645000000|6184000000|2539000000|2539000000|1804000000|568000000|1229000000|2656000000|160000000|-76000000||76000000|0|233000000||336000000|1960000000|361000000|76000000|1804000000|1683000000|2036000000|2140000000|1599000000|QCOM
2016-06-30|USD|3510000000|6044000000|2534000000|2534000000|1592000000|620000000|1268000000|1888000000|156000000|-75000000||75000000|0|176000000||356000000|1694000000|250000000|75000000|1443000000|1628000000|1769000000|2088000000|1444000000|QCOM
2016-03-31|USD|3410000000|5551000000|2141000000|2141000000|1415000000|619000000|1301000000|1920000000|158000000|-72000000||72000000|-96000000|127000000||372000000|1470000000|306000000|72000000|1164000000|1255000000|1542000000|1914000000|1164000000|QCOM
2015-12-31|USD|3241000000|5775000000|2534000000|2534000000|1685000000|578000000|1352000000|1923000000|136000000|-74000000||74000000|48000000|99000000||364000000|1712000000|214000000|74000000|1496000000|1372000000|1786000000|2150000000|1498000000|QCOM
2015-09-30|USD|3204000000|5456000000|2252000000|2252000000|1140000000|595000000|1357000000|2521000000|127000000|-70000000||70000000|78000000|215000000||326000000|1251000000|190000000|70000000|1060000000|754000000|1321000000|1647000000|1061000000|QCOM
2015-06-30|USD|3381000000|5832000000|2451000000|2451000000|1235000000|621000000|1407000000|1984000000|128000000|-32000000||32000000|44000000|163000000||297000000|1399000000|215000000|32000000|1183000000|1215000000|1431000000|1728000000|1184000000|QCOM
2015-03-31|USD|4266000000|6894000000|2628000000|2628000000|1336000000|545000000|1375000000|1920000000|138000000|-1000000||1000000|-32000000|203000000||304000000|1540000000|487000000|1000000|1052000000|1097000000|1541000000|1845000000|1053000000|QCOM
2014-12-31|USD|4052000000|7099000000|3047000000|3047000000|2064000000|583000000|1352000000|2281000000|134000000|-1000000||1000000|16000000|234000000||287000000|2299000000|327000000|1000000|1971000000|1766000000|2300000000|2587000000|1972000000|QCOM
2014-09-30|USD|3935000000|6692000000|2757000000|2757000000|1992000000|545000000|1364000000|2065000000|126000000|-1000000||1000000||524000000||297000000|2252000000|358000000|1000000|1893000000|1703000000|2253000000|2550000000|1894000000|QCOM
2014-06-30|USD|4066000000|6806000000|2740000000|2740000000|2075000000|582000000|1429000000|1996000000|139000000|0||0||422000000||292000000|2498000000|260000000|0|2237000000|2253000000|2498000000|2790000000|2238000000|QCOM
2014-03-31|USD|3885000000|6367000000|2482000000|2482000000|1990000000|539000000|1356000000|1676000000|167000000|-3000000||3000000||282000000||289000000|2273000000|314000000|3000000|1958000000|1984000000|2276000000|2565000000|1959000000|QCOM
2013-12-31|USD|3916000000|6622000000|2706000000|2706000000|1493000000|623000000|1328000000|2440000000|156000000|-3000000||3000000||||272000000|2188000000|313000000|3000000|1444000000|1906000000|2191000000|2463000000|1875000000|QCOM
2013-09-30|USD|3766000000|6480000000|2714000000|2714000000|1588000000|657000000|1349000000|1035000000|168000000|-1000000||1000000||||273000000|1822000000|321000000|1000000|1588000000|1556000000|1823000000|2096000000|1501000000|QCOM
2013-06-30|USD|3746000000|6243000000|2497000000|2497000000|1677000000|613000000|1298000000|2514000000|182000000|-7000000||7000000||||255000000|1912000000|332000000|7000000|1578000000|1257000000|1919000000|2174000000|1580000000|QCOM
2013-03-31|USD|3752000000|6124000000|2372000000|2372000000|1877000000|661000000|1214000000|2150000000|181000000|-7000000||7000000||||248000000|2139000000|273000000|7000000|1863000000|2007000000|2146000000|2394000000|1866000000|QCOM
2012-12-31|USD|3781000000|6018000000|2237000000|2237000000|2088000000|587000000|1106000000|2224000000|165000000|-8000000||8000000||||241000000|2330000000|424000000|8000000|1903000000|1920000000|2338000000|2579000000|1906000000|QCOM
2012-09-30|USD|3030000000|4871000000|1841000000|1841000000|1235000000|627000000|1114000000|2155000000|178000000|-16000000||16000000|7000000|||257000000|1557000000|286000000|16000000|1240000000|1517000000|1573000000|1830000000|1271000000|QCOM
2012-06-30|USD|2907000000|4626000000|1719000000|1719000000|1382000000|544000000|974000000|1543000000|156000000|-18000000||18000000|0|||221000000|1582000000|375000000|18000000|1206000000|1016000000|1600000000|1821000000|1207000000|QCOM
2012-03-31|USD|3160000000|4943000000|1783000000|1783000000|1514000000|595000000|954000000|496000000|146000000|-29000000||29000000|1179000000|||211000000|2526000000|296000000|29000000|1438000000|2544000000|2555000000|2766000000|2230000000|QCOM
2011-12-31|USD|2927000000|4681000000|1754000000|1754000000|1551000000|503000000|873000000|1611000000|130000000|-27000000||27000000||||208000000|1722000000|321000000|27000000|1400000000|1543000000|1749000000|1957000000|1401000000|QCOM
2011-09-30|USD|2620000000|4117000000|1497000000|1497000000|1238000000|532000000|851000000|1795000000|-116000000|30000000|60000000|30000000||||241000000|1326000000|270000000|-30000000|1055000000|665000000|1356000000|1597000000|1056000000|QCOM
2011-06-30|USD|2345000000|3623000000|1278000000|1278000000|1113000000|475000000|757000000|1203000000|-127000000|29000000|58000000|29000000||||185000000|1324000000|289000000|-29000000|985000000|984000000|1353000000|1538000000|1035000000|QCOM
2011-03-31|USD|2811000000|3870000000|1059000000|1363000000|1430000000|529000000|738000000|1607000000|-126000000|34000000|64000000|30000000||||434000000|1354000000|355000000|-34000000|688000000|1044000000|1384000000|1818000000|999000000|QCOM
2010-12-31|USD|2305000000|3348000000|1043000000|1130000000|1247000000|409000000|649000000|1464000000|-131000000|28000000|52000000|24000000||||201000000|1388000000|218000000|-28000000|821000000|1230000000|1412000000|1613000000|1170000000|QCOM
2010-09-30|USD|2026000000|2952000000|926000000|988000000|958000000|440000000|629000000|1657000000|125000000|-88000000|-26000000|62000000||||171000000|1098000000|233000000|88000000|837000000|1033000000|1160000000|1331000000|865000000|QCOM
2010-06-30|USD|1848000000|2700000000|852000000|905000000|893000000|332000000|623000000|1144000000|131000000|14000000|4000000|-10000000||||166000000|1011000000|244000000|-14000000|720000000|476000000|1001000000|1167000000|767000000|QCOM
2010-03-31|USD|1852000000|2661000000|809000000|809000000|896000000|430000000|648000000|1078000000|-129000000|7000000||-7000000||||167000000|965000000|191000000|-7000000|585000000|850000000|958000000|1125000000|774000000|QCOM
2009-12-31|USD|1852000000|2668000000|816000000|816000000|980000000|379000000|596000000|1194000000|-145000000|9000000||-9000000||||162000000|1052000000|211000000|-9000000|668000000|997000000|1043000000|1205000000|841000000|QCOM
2009-09-30|USD|2022000000|2690000000|668000000|824000000|597000000|297000000|519000000|1270000000||||3000000||||175000000|870000000|67000000||597000000|803000000|597000000|1048000000|803000000|QCOM
2008-12-31|USD|1762000000|2517000000|755000000|755000000|745000000|413000000|604000000|1017000000||||98000000||||152000000|451000000|110000000||||745000000|897000000|341000000|QCOM
