fiscalDateEnding|reportedCurrency|grossProfit|totalRevenue|costOfRevenue|costofGoodsAndServicesSold|operatingIncome|sellingGeneralAndAdministrative|researchAndDevelopment|operatingExpenses|investmentIncomeNet|netInterestIncome|interestIncome|interestExpense|nonInterestIncome|otherNonOperatingIncome|depreciation|depreciationAndAmortization|incomeBeforeTax|incomeTaxExpense|interestAndDebtExpense|netIncomeFromContinuingOperations|comprehensiveIncomeNetOfTax|ebit|ebitda|netIncome|ticker
2024-12-31|USD|-25990400000|20276200000|46266600000|20267200000|-32674300000|||6698800000|3087200000|-69900000||69900000|70675000000||75800000||2967900000|611400000|69900000|2356500000|1088200000|3037800000|3037600000|2356500000|PGR
2024-09-30|USD|-6691800000|19719000000|26410800000|-19433500000|-9361700000|||2669900000|-7200000|-69900000||69900000|68000000||70700000|70700000|2944800000|611400000|69900000|2333400000|3894800000|3014700000|3085400000|2333400000|PGR
2024-06-30|USD|-8363900000|18134300000|26498200000||-10543700000|||2179800000|-7300000|-69600000||69600000|-226400000||67800000|67800000|1860400000|401700000|69600000|1458700000|1566500000|1930000000|1997800000|1458700000|PGR
2024-03-31|USD|16010300000|17242500000|1232200000||14078900000|||1929700000|-5700000|-69600000||69600000|-144800000||69700000|69700000|2939900000|608500000|69600000|2331400000|2123500000|3009500000|3009600000|2331400000|PGR
2023-12-31|USD|14066200000|16891200000|2825000000|7600000|10932500000|||3146900000|-7400000|-69700000||69700000|58626300000||73500000|2800000|2503400000|515600000|69700000|1987800000|3414500000|2573100000|2575900000|1987800000|PGR
2023-09-30|USD|14384500000|15560600000|1176100000||12960900000|||1423600000|-7200000|-69700000|69700000|69700000|-66200000||71400000|2900000|1410200000|288900000|69700000|1121300000|732900000|1479900000|1482800000|1121300000|PGR
2023-06-30|USD|14196800000|15353500000|1156700000||12762000000|||1434800000|-6100000|-65700000|65700000|65700000|135100000||72600000|3100000|435700000|90300000|65700000|345400000|-109900000|501400000|504500000|345400000|PGR
2023-03-31|USD|13182000000|14303200000|1121200000||11318700000|||1879800000|-5500000|-63300000|63300000|63300000|-46800000||68000000|5400000|554400000|106500000|63300000|447900000|1051200000|617700000|623100000|447900000|PGR
2022-12-31|USD|10382700000|13469800000|3087100000|6.80|6919000000|||3457800000|-6900000|-63100000|63100000|63100000|49013600000||78100000|5500000|1025300000|198900000|63100000|826400000|1154300000|1088400000|1093900000|826400000|PGR
2022-09-30|USD|11803900000|12780200000|976300000||10302100000|||1501800000|-5800000|-63100000|63100000|63100000|-62100000||77900000|5400000|142500000|18400000|63100000|124100000|-796800000|205600000|211000000|124100000|PGR
2022-06-30|USD|10355300000|11519200000|1163900000||8693800000|||1661500000|-5900000|-63000000|63000000|63000000|546600000||78500000|5500000|-635900000|-93000000|63000000|-542900000|-1366100000|-572900000|-567400000|-542900000|PGR
2022-03-31|USD|10863500000|11841500000|978000000||9342600000|||1524200000|-5700000|-54300000|54300000|54300000|12200000||71100000|14600000|390200000|76300000|54300000|313900000|-1112600000|444500000|459100000|313900000|PGR
2021-12-31|USD|9379900000|12492100000|3112200000|6.80|5877100000|||3503200000|-7000000|-51600000|51600000|51600000|44372100000||75800000|14600000|1203900000|241600000|51600000|962300000|649700000|1255500000|1270100000|962300000|PGR
2021-09-30|USD|10893100000|11859200000|966100000||9494100000|||1399000000|-6600000|-54200000|54200000|54200000|6500000||74500000|14600000|139000000|20500000|54200000|118500000|-11400000|193200000|207800000|118500000|PGR
2021-06-30|USD|10962400000|11905500000|943100000||9507600000|||1454800000|-6300000|-56400000|56400000|56400000|347100000||66500000|14300000|999200000|209100000|56400000|790100000|881000000|1055600000|1069900000|790100000|PGR
2021-03-31|USD|10556600000|11445200000|888600000||9061300000|||1494200000|-5600000|-56400000|56400000|56400000|19500000||62900000|14200000|1867900000|387900000|56400000|1480000000|940600000|1924300000|1938500000|1480000000|PGR
2020-12-31|USD|8366300000|11415800000|3049500000|7200000|4786200000|47500000||3587800000|-5500000|-56200000|56200000|56200000|39268200000||73700000|14100000|2106200000|421900000|56200000|1684300000|1665400000|2162400000|2176500000|1684300000|PGR
2020-09-30|USD|10097800000|10947200000|849400000|-7831600000|8752700000|||1345100000|-4700000|-56400000|56400000|56400000|2200000||70900000|14200000|1923500000|392700000|56400000|1530800000|1506400000|1979900000|1994100000|1530800000|PGR
2020-06-30|USD|10162100000|10971700000|809600000|-7662300000|8709100000|||1453000000|-4500000|-56400000|56400000|56400000|-200000||67700000|14100000|2268800000|478400000|56400000|1790400000|2358000000|2325200000|2339300000|1790400000|PGR
2020-03-31|USD|8526100000|9323400000|797300000||7101700000|47500000||1424500000|-5300000|-48000000|48000000|48000000|27200000||62600000|14500000|868300000|175600000|48000000|699100000|755200000|916300000|930800000|692700000|PGR
2019-12-31|USD|8066700000|10741100000|2674400000|5500000|4882700000|46800000||3195100000|-6300000|-49100000|47400000|49100000|36248300000||68800000|14600000|1335100000|264300000|49100000|1074600000|902000000|1384200000|1398800000|1070800000|PGR
2019-09-30|USD|8763200000|9530500000|767300000|8418100000|7507100000|48700000||1256100000|-5900000|-47500000|47500000|47500000|6300000||56400000|15800000|1008400000|166700000|47500000|843600000|899100000|1055900000|1071700000|841700000|PGR
2019-06-30|USD|8694100000|9450700000|756600000|8108200000|7444600000|45300000||1249500000|-6200000|-47400000|47400000|47400000|4000000||62000000|18000000|1244000000|264600000|47400000|979000000|1254400000|1291400000|1309400000|979400000|PGR
2019-03-31|USD|8571500000|9300000000|728500000|7640800000|7382400000|38100000||1194200000|-6200000|-47400000||47400000|4300000||52600000|17900000|1563100000|484700000|47400000|1082800000|1377400000|1610500000|1628400000|1078400000|PGR
2018-12-31|USD|5833400000|8035100000|2201700000|5100000|3242900000|32000000||2615200000|-6300000|-47800000||47800000|30924200000||52600000|18000000|247100000|-17600000|47800000|259800000|407500000|294900000|312900000|264700000|PGR
2018-09-30|USD|7815100000|8495800000|680700000|7281700000|6701200000|35800000||1113900000|-5800000|-42000000||42000000|117700000||51200000|18000000|1128700000|200300000|42000000|930200000|890000000|1170700000|1188700000|928400000|PGR
2018-06-30|USD|7369200000|8018000000|648800000|7053000000|6304300000|37000000||1064900000|-6200000|-41700000||41700000|16600000||45700000|18000000|883100000|178900000|41700000|701200000|654900000|924800000|942800000|704200000|PGR
2018-03-31|USD|6815900000|7430100000|614200000|6417600000|5817700000|29300000||999400000|-6000000|-36800000||36800000|7279800000||40900000|18000000|899000000|181000000|36800000|729800000|567700000|935800000|953800000|718000000|PGR
2017-12-31|USD|7639900000|7119800000|-520100000|4600000|5626900000|27700000||2014900000|-5900000|-38300000||38300000|32570700000||43200000|18000000|687400000|111100000|38500000|580300000|632300000|725700000|743700000|576300000|PGR
2017-09-30|USD|6234500000|6791800000|557300000|6437300000|5339600000|28900000||894900000|-5800000|-37400000||37400000|6562300000||42700000|17200000|260600000|36600000|37400000|214800000|299500000|298000000|315200000|224000000|PGR
2017-06-30|USD|6076000000|6605700000|529700000|5942600000|5215500000|27000000||860500000|-6600000|-43400000||43400000|6359200000||43000000|15500000|549500000|181900000|43400000|372700000|450800000|592900000|608400000|367600000|PGR
2017-03-31|USD|5803300000|6321700000|518400000|5581300000|4942200000|25900000||862400000|-5600000|-36800000||36800000|6078500000||41000000|15500000|635500000|211200000|36600000|430300000|558400000|672300000|687800000|424300000|PGR
2016-12-31|USD|6324600000|6129600000|-195000000|4200000|4770200000|23500000||1556900000|-7500000|-40000000||40000000|28405800000||42800000|15500000|522600000|139400000|40000000|398100000|270500000|562600000|578100000|383200000|PGR
2016-09-30|USD|5444100000|5935000000|490900000|5584400000|4689000000|23200000||755100000|-4800000|-35300000||35300000|5765000000||36500000|15500000|251700000|53000000|35300000|205500000|287000000|287000000|302500000|198700000|PGR
2016-06-30|USD|5344800000|5819300000|474500000|5446200000|4562400000|23700000||782400000|-5300000|-34300000||34300000|5585100000||30600000|15600000|283300000|92400000|32700000|194900000|280700000|317600000|333200000|190900000|PGR
2016-03-31|USD|5086600000|5557500000|470900000|5088100000|4300200000|21600000||786500000|-4800000|-34200000||34200000|5309000000||27500000|30600000|386900000|128700000|34200000|258700000|325800000|421100000|451700000|258200000|PGR
2015-12-31|USD|3254400000|5401400000|2147000000|5400000|1762100000|20700000||1493800000|-6900000|-36500000||36500000|25092600000||27600000|-14400000|130700000|164200000|36500000|349900000|-33600000|167200000|152800000|-33500000|PGR
2015-09-30|USD|4835600000|5273800000|438200000|4763500000|4113100000|20400000||722500000|-4900000|-34500000||34500000|5039800000||26400000|15000000|420800000|142500000|35400000|286500000|145500000|455300000|470300000|278300000|PGR
2015-06-30|USD|4866000000|5283300000|417300000|4675800000|4203600000|20500000||662400000|-5700000|-34900000||34900000|5090800000||25900000|15700000|520100000|156800000|34900000|368500000|216000000|555000000|570700000|363300000|PGR
2015-03-31|USD|4515900000|4895300000|379400000|4390500000|3865500000|15900000||650500000|-5300000|-32500000||32500000|4688300000||23800000|23800000|443200000|147600000|32500000|295600000|321800000|475700000|499500000|295600000|PGR
2014-12-31|USD|4671400000|5176200000|504800000|4400000|3290400000|14800000||1382200000|-4900000|-31200000||31200000|23349700000||25300000|25300000|546400000|176200000|31200000|370200000|420600000|577600000|601600000|370200000|PGR
2014-09-30|USD|4390900000|4766100000|375200000|4264600000|3781700000|13500000||609200000|-3900000|-30700000||30700000|4572900000||25100000|25100000|441800000|145700000|35500000|296100000|229900000|472500000|497600000|296100000|PGR
2014-06-30|USD|4366700000|4741500000|374800000|4244600000|3755000000|12900000||611700000|-6000000|-29600000||29600000|4534000000||23900000|23900000|437400000|144000000|29600000|293400000|381000000|467000000|490900000|293400000|PGR
2014-03-31|USD|-1704200000|4707600000|6411800000|4172200000|-6421000000|9700000||539100000|-4100000|76600000|103300000|26700000|4500300000||22800000|22800000|481800000|160500000|26700000|321300000|320900000|508500000|531300000|321300000|PGR
2013-12-31|USD|-1782500000|4618800000|6401300000|4000000|-7164500000|8700000||1205500000|-4300000|85100000|111900000|26800000|21773300000||26400000|26400000|425600000|125800000|26800000|299800000|380600000|452400000|478800000|299800000|PGR
2013-09-30|USD|-1807100000|4521300000|6328400000|4114800000|-6557800000|11100000||606000000|-5200000|77000000|107400000|30400000|4331600000||25900000|25900000|345000000|112600000|30400000|232400000|289100000|375400000|401300000|232400000|PGR
2013-06-30|USD|-1640400000|4593600000|6234000000|4047200000|-6195900000|10400000||433700000|-4400000|71800000|102200000|30400000|4456400000||25300000|25300000|486300000|161700000|30400000|324600000|169100000|516700000|542000000|324600000|PGR
2013-03-31|USD|-1534000000|4437200000|5971200000|3914900000|-6093900000|8600000||535300000|-4900000|69900000|100500000|30600000|4260400000||23700000|23700000|463100000|154500000|30600000|308600000|407300000|493700000|517400000|308600000|PGR
2012-12-31|USD|-1656500000|4350600000|6220600000|3700000|-6678900000|8400000||781900000|-4100000|75900000|106800000|30900000|4166400000||25300000|-20500000|353500000|104400000|30900000|249100000|215000000|384400000|363600000|249100000|PGR
2012-09-30|USD|-1791300000|4423900000|6136800000|3954000000|-6188900000|9600000||339100000|-3300000|78400000|109000000|30600000|4210800000||23600000|37900000|412400000|135400000|30600000|277000000|339400000|443000000|480900000|277000000|PGR
2012-06-30|USD|-1979700000|4183000000|6092800000|3957600000|-6423300000|9900000||552300000|-3800000|81800000|112500000|30700000|3972700000||23200000|37900000|167700000|49100000|30700000|118600000|66500000|198400000|236300000|118600000|PGR
2012-03-31|USD|-1464500000|4126400000|5525700000|3683900000|-5653300000|8200000||468700000|-4200000|82800000|114700000|31900000|3936400000||22300000|39100000|384100000|126500000|31900000|257600000|459900000|416000000|455100000|257600000|PGR
2011-12-31|USD|-1583400000|4197400000|5514300000|4700000|-5660500000|5500000||535100000|-2900000|82200000|118500000|36300000|3799700000||23200000|-13200000|375400000|118700000|36300000|256700000|372600000|411700000|398500000|256700000|PGR
2011-09-30|USD|-1689000000|3811000000|5500000000|3542400000|-5753400000|5100000||618000000|-4000000|84000000|117400000|33400000|3618000000||22700000|34600000|208500000|57800000|33400000|150700000|-136200000|241900000|276500000|150700000|PGR
2011-06-30|USD|-1451300000|3872700000|5324000000|3458400000|-5434500000|4800000||495000000|-3500000|89300000|120800000|31500000|3724600000||21600000|33900000|357700000|112500000|31500000|245200000|296000000|389200000|423100000|245200000|PGR
2011-03-31|USD|-1124100000|3893500000|5017600000|3292500000|-4928300000|4000000||385300000|-3100000|91800000|123300000|31500000|3767600000||21000000|33200000|545400000|182500000|31500000|362900000|391900000|576900000|610100000|362900000|PGR
2010-12-31|USD|-1497700000|4093800000|5339300000|3900000|-5418100000|5500000||421400000|-3400000|96900000|128200000|31300000|3738500000||20700000|31400000|426200000|127000000|31300000|299200000|283700000|457500000|488900000|299200000|PGR
2010-09-30|USD|-1317300000|3769500000|5086800000|3329600000|-5158700000|5200000||490100000|-300000|99600000|131500000|31900000|3600800000||20500000|32000000|387200000|125600000|31900000|261600000|486200000|419100000|451100000|261600000|PGR
2010-06-30|USD|-1400100000|3686300000|5086400000|3313200000|-5219700000|5500000||561800000|-4600000|95500000|130600000|35100000|3509700000||20500000|34000000|312900000|101000000|35100000|211900000|137900000|348000000|382000000|211900000|PGR
2010-03-31|USD|-1180900000|3665900000|4846800000|3166800000|-4834400000|5200000||427800000|-3600000|94600000|129800000|35200000|3535000000||21400000|31600000|438900000|143300000|35200000|295600000|491000000|474100000|505700000|295600000|PGR
2009-12-31|USD|-1390200000|3900600000|5290800000|3400000|-5234000000|4600000||384000000|-3000000|95500000|130800000|35300000|3768200000|||34400000|454300000|149300000|35300000|305000000|422100000|489600000|524000000|305000000|PGR
2009-09-30|USD|-1308500000|3611300000|4919800000|3179100000|-4949700000|5500000||390600000|-2900000|87300000|122600000|35300000|3492000000|||30700000|372000000|102100000|35300000|269900000|628500000|407300000|438000000|269900000|PGR
2009-06-30|USD|-1341700000|3583500000|4925200000|3169700000|-4962200000|4700000||379700000|-2600000|87400000|122100000|34700000|3487300000|||32600000|353900000|103800000|34700000|500200000|620900000|388600000|421200000|250100000|PGR
2009-03-31|USD|3468200000|3468200000|3034600000|3034600000|410400000|4600000||3051000000||||33700000||||29900000|376700000|144200000||||410400000|440300000|232500000|PGR
2008-12-31|USD|3507500000|3507500000|3225300000|3225300000|252800000|10500000||3248000000||||33900000||||35700000|218900000|59600000||||252800000|288500000|159300000|PGR
2008-09-30|USD|2210100000|2210100000|3230700000|3230700000|-1046700000|||3249000000||||34200000||||33900000|-1080900000|-396700000||||-1046700000|-1012800000|-684200000|PGR
2008-06-30|USD|3536600000|3536600000|3172700000|3172700000|336800000|5400000||3192000000||||34300000||||-36200000|302500000|87000000||||336800000|300600000|215500000|PGR
