fiscalDateEnding|reportedCurrency|grossProfit|totalRevenue|costOfRevenue|costofGoodsAndServicesSold|operatingIncome|sellingGeneralAndAdministrative|researchAndDevelopment|operatingExpenses|investmentIncomeNet|netInterestIncome|interestIncome|interestExpense|nonInterestIncome|otherNonOperatingIncome|depreciation|depreciationAndAmortization|incomeBeforeTax|incomeTaxExpense|interestAndDebtExpense|netIncomeFromContinuingOperations|comprehensiveIncomeNetOfTax|ebit|ebitda|netIncome|ticker
2024-12-31|USD|993000000|3191000000|3031000000|2198000000|155000000|738000000||835000000|6000000|-29000000|6000000|35000000|3191000000|0||63000000|125000000|31000000||88000000|-21000000|160000000|223000000|94000000|HSIC
2024-09-30|USD|993000000|3174000000|3019000000|2181000000|157000000|724000000||838000000|7000000|-27000000|7000000|34000000|3174000000|-2000000||64000000|131000000|32000000||99000000|127000000|165000000|229000000|99000000|HSIC
2024-06-30|USD|1018000000|3104000000|2978000000|2118000000|159000000|781000000||860000000|6000000|-32000000|6000000|32000000|3136000000|-1000000||63000000|137000000|33000000|32000000|105000000|51000000|169000000|232000000|104000000|HSIC
2024-03-31|USD|1012000000|3142000000|3022000000|2160000000|150000000|791000000||867000000|5000000|-30000000|5000000|30000000|3172000000|2000000||61000000|125000000|32000000|30000000|98000000|60000000|155000000|216000000|93000000|HSIC
2023-12-31|USD|925000000|2988000000|2988000000|2092000000|39000000|807000000||918000000|5000000|-29000000|5000000|29000000|3017000000|-1000000||58000000|19000000|1000000|29000000|-3000000|59000000|48000000|106000000|18000000|HSIC
2023-09-30|USD|995000000|3137000000|2962000000|2167000000|200000000|725000000||795000000|6000000|-25000000|6000000|25000000|3162000000|-2000000||59000000|176000000|39000000|25000000|143000000|100000000|201000000|260000000|137000000|HSIC
2023-06-30|USD|975000000|3081000000|2899000000|2125000000|201000000|707000000||774000000|3000000|-19000000|3000000|19000000|3100000000|1000000||49000000|181000000|41000000|19000000|148000000|143000000|200000000|249000000|140000000|HSIC
2023-03-31|USD|966000000|3046000000|2885000000|2094000000|175000000|717000000||792000000|3000000|-14000000|3000000|14000000|3060000000|-1000000||44000000|160000000|39000000|14000000|128000000|141000000|174000000|218000000|121000000|HSIC
2022-12-31|USD|999000000|3354000000|128000000|2372000000|72000000|761000000||128000000|8000000|-17000000|4000000|21000000|3371000000|0||45000000|62000000|15000000|17000000|23000000|126000000|83000000|128000000|47000000|HSIC
2022-09-30|USD|914000000|3056000000|2855000000|2153000000|211000000|648000000||702000000|4000000|-11000000|-3000000|8000000|3067000000|1000000||45000000|196000000|46000000|11000000|162000000|79000000|204000000|249000000|150000000|HSIC
2022-06-30|USD|945000000|3021000000|2810000000|2085000000|220000000|680000000||725000000|3000000|-9000000|-1000000|8000000|3030000000|0||45000000|212000000|52000000|9000000|167000000|87000000|220000000|265000000|160000000|HSIC
2022-03-31|USD|973000000|3172000000|2935000000|2206000000|244000000|682000000||730000000|2000000|-7000000|2000000|7000000|3179000000|0||47000000|238000000|57000000|7000000|186000000|184000000|245000000|292000000|181000000|HSIC
2021-12-31|USD|980000000|3324772000|3270250000|2351000000|201000000|728000000||920279000|1702000|-8189000|-189000|8000000|3332961000|-1000000||47000000|191000000|44000000|8189000|147001000|114000000|199000000|246000000|147000000|HSIC
2021-09-30|USD|912000000|3179083000|2968067000|2266000000|211000000|657000000||701897000|1409000|-6550000|450000|7000000|3185633000|0||44000000|212000000|50000000|6550000|162286000|131000000|219000000|263000000|162000000|HSIC
2021-06-30|USD|891000000|2960847000|2757393000|2076000000|210000000|635000000||679921000|1357000|-6376000|624000|7000000|2967223000|1000000||45000000|203000000|47000000|6376000|155716000|185000000|210000000|255000000|156000000|HSIC
2021-03-31|USD|891000000|2918476000|2695637000|2034000000|230000000|614000000||658831000|1983000|-6485000|-485000|6000000|2924961000|309000||44000000|223000000|57000000|6485000|165997000|138000000|229000000|273000000|166000000|HSIC
2020-12-31|USD|859711000|3167297000|4380000|2304132000|181200000|513268000||4380000|2361000|-11968000|-377000|11591000|3167297000|-1790000||161852000|171874000|29035000|11968000|141921000|205798000|183465000|345317000|142839000|HSIC
2020-09-30|USD|754268000|2829035000|2652909000|2085878000|187671000|559605000||567062000|2294000|-11111000|2294000|11111000|2840146000|-1699000||434000|170702000|29005000|11111000|141726000|169616000|181813000|182247000|141697000|HSIC
2020-06-30|USD|454266000|1673913000|1692114000|1230133000|-7433000|445765000||462009000|1997000|-10486000|1997000|10486000|1684399000|-291000||282000|-11747000|-950000|10486000|-11382000|17600000|-1261000|-979000|-10797000|HSIC
2020-03-31|USD|746014000|2421059000|2255438000|1682857000|173865000|567362000||587149000|3190000|-7812000|3190000|7812000|2428871000|-220000||432000|168171000|37910000|7812000|130543000|69986000|175983000|176415000|130261000|HSIC
2019-12-31|USD|810598000|2855710000|-1059000|1858343000|196334000|615323000||-1059000|3389000|-9333000|3389000|9333000|2855710000|-907000||-676246000|372798000|42189000|9333000|330609000|357915000|382131000|-294115000|330609000|HSIC
2019-09-30|USD|761167000|2496394000|2611569000|1747600000|187198000|574771000||863969000|3943000|-12373000|3943000|12373000|2508767000|-177000||290000000|182521000|41964000|12373000|134916000|85075000|194894000|484894000|140557000|HSIC
2019-06-30|USD|767431000|2435042000|2285539000|1680396000|162288000|593218000||605143000|3654000|-12785000|3654000|12785000|2447827000|-1416000||260000|150412000|35880000|12785000|116753000|124466000|163197000|163457000|114532000|HSIC
2019-03-31|USD|751690000|2343967000|2187827000|1608578000|172441000|574608000||581033000|4771000|-16301000|4771000|16301000|2360268000|-419000||248000|149265000|39482000|16301000|118413000|115268000|165566000|165814000|109783000|HSIC
2018-12-31|USD|750931000|3375202000|2624271000|1721625000|158002000|558285000||590069000|5807000|-22320000|-873000|21447000|2472556000|-1485000||52471000|138555000|20778000|22320000|117777000|103851000|160002000|294048000|117777000|HSIC
2018-09-30|USD|722359000|3279678000|2557319000|1633206000|123269000|552051000||722634000|5163000|-21045000|-615000|20430000|3279678000|-586000||51511000|107403000|16633000|21045000|90770000|113221000|127833000|276877000|90770000|HSIC
2018-06-30|USD|718328000|3326676000|2608348000|1597704000|157108000|552723000||692112000|5108000|-17883000|-648000|17235000|3326676000|-437000||51493000|144515000|33879000|17883000|110636000|27708000|161750000|280339000|110636000|HSIC
2018-03-31|USD|719129000|3220439000|2501310000|1554321000|162240000|554214000||692691000|5158000|-17538000|-634000|16904000|3220439000|-750000||51493000|147676000|36142000|17538000|111534000|172397000|164580000|280339000|111534000|HSIC
2017-12-31|USD|900956000|3318054000|2417098000|-508566000|241191000|196932000||647459000|4349000|-16598000|-2588000|14010000||-1828000||51794000|144164000|152699000|16598000|-157611000|15870000|158174000|296425000|-8535000|HSIC
2017-09-30|USD|836054000|3161083000|2325029000|2325029000|213548000|622506000||622506000|4793000|-13428000||13428000||-194000||48740000|197371000|59340000|13428000|150948000|193085000|210799000|266887000|138031000|HSIC
2017-06-30|USD|839173000|3059458000|2220285000|2220285000|210662000|628511000||628511000|4107000|-12198000||12198000||728000||47789000|194361000|58306000|12198000|210662000|208348000|206559000|263286000|136055000|HSIC
2017-03-31|USD|822920000|2922948000|2100028000|2100028000|193968000|628952000||631762000|4304000|-11430000||11430000||-45000||44749000|179378000|38630000|11430000|193968000|175970000|190808000|242976000|140748000|HSIC
2016-12-31|USD|859487000|3142916000|16080000|2261447000|213982000|629425000||592752000|3230000|-9911000||9911000||-327000||43951000|198075000|58859000|9911000|213982000|44355000|207986000|276916000|139216000|HSIC
2016-09-30|USD|787675000|2857660000|2664427000|2077473000|200721000|581584000||588770000|3141000|-7488000||7488000||-199000||42431000|190314000|56601000|7488000|145291000|126140000|197802000|251464000|133713000|HSIC
2016-06-30|USD|801469000|2865263000|2691953000|2071161000|180677000|600409000||622639000|3556000|-7367000||7367000||268000||42431000|169062000|48965000|7367000|133098000|115187000|176429000|247315000|120097000|HSIC
2016-03-31|USD|777842000|2705829000|2536762000|1935114000|176194000|597590000||603691000|3348000|-7127000||7127000||3137000||40967000|167285000|53533000|7127000|124533000|123994000|174412000|227704000|113752000|HSIC
2015-12-31|USD|799278000|2850918000|12409000|2056945000|200693000|580871000||12409000|3094000|-7158000||7158000||193000||40236000|189196000|59248000|7158000|200693000|109691000|196354000|256625000|129948000|HSIC
2015-09-30|USD|748908000|2679538000|2496953000|1936927000|188882000|551588000||560026000|3129000|-6297000||6297000||-277000||42716000|176967000|49232000|6297000|141396000|93790000|183264000|242888000|127735000|HSIC
2015-06-30|USD|750678000|2623030000|2446290000|1878642000|183030000|560426000||567648000|3257000|-6290000||6290000||-177000||39026000|171712000|53784000|6290000|129608000|154058000|178002000|232358000|117928000|HSIC
2015-03-31|USD|713395000|2457383000|2302279000|1750251000|161367000|545166000||553279000|3455000|-6263000||6263000||120000||37149000|152574000|49127000|6263000|111580000|-3288000|158837000|208953000|103447000|HSIC
2014-12-31|USD|764464000|2702096000|2588754000|1937632000|202942000|561522000||653052000|3332000|-6849000||6849000||444000||39570000|192329000|59363000|6849000|202942000|55125000|199178000|246288000|132966000|HSIC
2014-09-30|USD|721666000|2617449000|2449641000|1902063000|174088000|547578000||547578000|3452000|-6280000||6280000||-484000||39179000|166078000|51302000|6280000|124236000|18782000|172358000|216235000|114776000|HSIC
2014-06-30|USD|728472000|2609736000|2434562000|1886934000|180844000|547628000||553298000|3416000|-5670000||5670000||1032000||37353000|171558000|55322000|5670000|127117000|122077000|177228000|222645000|116236000|HSIC
2014-03-31|USD|696713000|2424901000|2272891000|1733446000|157268000|539445000||546026000|3455000|-5258000||5258000||3580000||36136000|151722000|49623000|5258000|110128000|107112000|156980000|200439000|102099000|HSIC
2013-12-31|USD|699520000|2526370000|2408687000|1826850000|186883000|512637000||588419000|3109000|-4870000||4870000|0|1466000||31954000|179872000|55604000|4870000|186883000|140966000|184742000|223412000|124268000|HSIC
2013-09-30|USD|639647000|2331370000|2188479000|1709309000|160477000|479170000||496756000|3236000|-5051000||5051000|-12535000|1263000||31845000|142038000|34660000|5051000|128907000|157264000|147089000|196821000|107378000|HSIC
2013-06-30|USD|669856000|2386920000|2215745000|1721954000|176065000|493791000||498681000|3303000|-4890000||4890000|0|-34000||31843000|163205000|54775000|4890000|121435000|95233000|168095000|211177000|108430000|HSIC
2013-03-31|USD|646991000|2274581000|2139882000|1646520000|153629000|493362000||513132000|3205000|-12727000||12727000|-6203000|-370000||32393000|137330000|45852000|18930000|98686000|53085000|150057000|188857000|91478000|HSIC
2012-12-31|USD|663495000|2408438000|2359496000|1744943000|181342000|482153000||628265000|3172000|-8243000||8243000||392000||33333000|166575000|54108000|8243000|181342000|129847000|174818000|220582000|112467000|HSIC
2012-09-30|USD|609044000|2223750000|2081436000|1622014000|149622000|459422000||466730000|3283000|-7308000||7308000||988000||30600000|141480000|44709000|7308000|105310000|119366000|148788000|183505000|96771000|HSIC
2012-06-30|USD|624395000|2193741000|2046750000|1577057000|154702000|466333000||477404000|3609000|-7711000||7711000||830000||30969000|145287000|47201000|7711000|107302000|57222000|152998000|192640000|98086000|HSIC
2012-03-31|USD|610579000|2091379000|1965724000|1488440000|133295000|465452000||486068000|3330000|-7640000||7640000||525000||30420000|122592000|41840000|7640000|89061000|111912000|130232000|178877000|80752000|HSIC
2011-12-31|USD|652589000|2340148000|2238975000|1687559000|163373000|489216000||564813000|3638000|-7577000||7577000||629000||29856000|154188000|49458000|7577000|78826000|77691000|161765000|167011000|104730000|HSIC
2011-09-30|USD|587420000|2104880000|1968432000|1524273000|143261000|444159000||450972000|3830000|-6813000||6813000||232000||28571000|136222000|44261000|6813000|100808000|38663000|143035000|175662000|91961000|HSIC
2011-06-30|USD|612224000|2122738000|1979425000|1518416000|151215000|461009000||468911000|4192000|-7902000||7902000||758000||29121000|141815000|47340000|7902000|105056000|107560000|149717000|184528000|94475000|HSIC
2011-03-31|USD|565822000|1939676000|1823461000|1381939000|124300000|441522000||451335000|3933000|-8085000||8085000||323000||28348000|115648000|39153000|8085000|82971000|135817000|123733000|156581000|76495000|HSIC
2010-12-31|USD|574743000|2023568000|1938570000|1505825000|141998000|432745000||505525000|3780000|-7545000||7545000||59000||25704000|137179000|44184000|7545000|92995000|72577000|144724000|171482000|92995000|HSIC
2010-09-30|USD|537456000|1885687000|1756143000|1356055000|137368000|400088000||407912000|3422000|-7824000||7824000||29000||25166000|130119000|42226000|7824000|87893000|142674000|137943000|165956000|87893000|HSIC
2010-06-30|USD|545644000|1849401000|1303757000|1303757000|138006000|407638000||407638000||||9185000||474000||25772000|125436000|41435000||84001000|50845000|134621000|167286000|84001000|HSIC
2010-03-31|USD|513033000|1760310000|1247277000|1247277000|103759000|396989000||396989000||||9087000||-115000||24572000|93124000|32224000|||26013000|102211000|144004000|60900000|HSIC
2009-12-31|USD|526272000|1786081000|1259809000|1259809000|137642000|389653000||389653000||||5041000||431000||20563000|130527000|44119000||||135568000|159487000|86408000|HSIC
2009-09-30|USD|476267000|1659433000|1183166000|1183166000|113885000|362382000||362382000||||5171000||1938000||20196000|112285000|15864000||94045000||117456000|136468000|96421000|HSIC
2009-06-30|USD|475918000|1611006000|1132494000|1132494000|121970000|353948000||356202000||||6406000||-373000||20813000|112162000|38689000||73324000||118568000|145609000|73473000|HSIC
2009-03-31|USD|438363000|1488605000|1047595000|1047595000|90588000|343700000||346080000||||6814000||||19921000|86857000|28922000||54774000||90588000|117652000|54851000|HSIC
