fiscalDateEnding|reportedCurrency|grossProfit|totalRevenue|costOfRevenue|costofGoodsAndServicesSold|operatingIncome|sellingGeneralAndAdministrative|researchAndDevelopment|operatingExpenses|investmentIncomeNet|netInterestIncome|interestIncome|interestExpense|nonInterestIncome|otherNonOperatingIncome|depreciation|depreciationAndAmortization|incomeBeforeTax|incomeTaxExpense|interestAndDebtExpense|netIncomeFromContinuingOperations|comprehensiveIncomeNetOfTax|ebit|ebitda|netIncome|ticker
2024-12-31|USD|172500000|1589200000|1416700000|1145800000|210700000|232800000||270900000|3800000|-32800000|3800000|36600000|1589200000|-1900000||38100000|176000000|33600000|36600000|142400000|93900000|210700000|250700000|142400000|BR
2024-09-30|USD|97800000|1422900000|1325100000|1075000000|134400000|213400000||250100000|3600000|-32300000|3600000|35900000|1422900000|-1900000||36600000|100300000|20500000|35900000|79700000|109000000|134400000|172800000|79800000|BR
2024-06-30|USD|192700000|2058800000|1866100000|1253100000|441400000|249800000||613000000|2700000|-33000000|2700000|35700000|1944300000|1800000||314700000|410200000|87000000|35700000|208700000|305100000|441400000|760600000|323200000|BR
2024-03-31|USD|224500000|1688300000|1463800000|1187300000|302900000|236200000||266600000|2800000|-38200000|2800000|38200000|1726500000|-900000||33300000|266600000|52900000|38200000|251900000|250100000|302900000|338100000|213700000|BR
2023-12-31|USD|52200000|1365000000|1312800000|1057200000|124400000|223400000||255600000|3700000|-40000000|3700000|40000000|1405000000|-400000||32200000|87700000|17400000|40000000|110300000|21300000|124400000|159900000|70300000|BR
2023-09-30|USD|74300000|1394700000|1320400000|1075300000|148400000|207300000||245100000|2900000|-36400000|33400000|36400000|1431100000|-2100000||32200000|112900000|22000000|36400000|127200000|74600000|148400000|181500000|90900000|BR
2023-06-30|USD|297100000|1799900000|1502800000|1159100000|454200000|225700000||343700000|3100000|-39100000|3100000|39100000|1839000000|-700000||118200000|417500000|93400000|39100000|363200000|323500000|454200000|574800000|324100000|BR
2023-03-31|USD|169600000|1605400000|1435800000|1137700000|286800000|221200000||298100000|1800000|-40300000|38500000|40300000|1645700000|1800000||76900000|250100000|51600000|40300000|238800000|275400000|286800000|367300000|198500000|BR
2022-12-31|USD|-6200000|1256600000|1262800000|988200000|107900000|196800000||274600000|2100000|-36300000|34100000|36300000|1292900000|-1900000||77800000|71900000|14400000|36300000|93700000|-54300000|107900000|186000000|57500000|BR
2022-09-30|USD|-20100000|1255300000|1275400000|990400000|87500000|205300000||285000000|1200000|-28000000|26900000|28000000|1283300000|-5200000||79700000|55400000|5000000|28000000|78500000|27600000|87500000|163100000|50400000|BR
2022-06-30|USD|168300000|1701300000|1533000000|1146800000|341700000|234400000||386200000|900000|-21600000|900000|21600000|1722900000|-2300000||121800000|318800000|70700000|21600000|269600000|171300000|341700000|462200000|248100000|BR
2022-03-31|USD|141100000|1513400000|1372300000|1077600000|246000000|210100000||294700000|300000|-20300000|300000|20300000|1533700000|-2700000||84600000|223400000|46800000|20300000|196800000|119000000|246000000|328300000|176600000|BR
2021-12-31|USD|-43700000|1236800000|1280500000|978400000|68900000|212300000||302100000|1500000|-22800000|1500000|22800000|1259600000|4400000||89800000|51900000|4700000|22800000|70100000|16200000|68900000|164500000|47200000|BR
2021-09-30|USD|-11700000|1169900000|1181600000|914100000|103300000|175500000||267500000|300000|-23000000|22600000|23000000|1192900000|-2400000||92000000|78200000|11000000|23000000|90200000|-2900000|103300000|193200000|67200000|BR
2021-06-30|USD|514900000|1531600000|1336900000|1016700000|281400000|233500000||320200000|300000|-18300000|300000|18300000|1531600000|72800000||90000000|336400000|76000000|18300000|281400000|293700000|281400000|444700000|260400000|BR
2021-03-31|USD|429200000|1377800000|1150500000|960500000|239200000|190000000||190000000|300000|-12000000|300000|12000000|1389800000|-10600000||52300000|216900000|51900000|12000000|177000000|198100000|239200000|281200000|165000000|BR
2020-12-31|USD|248500000|1042800000|975500000|806500000|79500000|169000000||169000000|1000000|-12100000|11100000|12100000|1054900000|1000000||53600000|69400000|13100000|12100000|68400000|62000000|79500000|135100000|56300000|BR
2020-09-30|USD|230300000|1002400000|1002800000|787100000|78600000|151700000||215700000|600000|-15000000|14400000|15000000|1017400000|9500000||32300000|73600000|7800000|15000000|80900000|103400000|78600000|120900000|65800000|BR
2020-06-30|USD|477700000|1361900000|1122700000|884200000|298800000|178900000||238500000|500000|-16200000|15600000|16200000|1361900000|11600000||61300000|294700000|65000000|16200000|298800000|196500000|298800000|372200000|229700000|BR
2020-03-31|USD|377400000|1233200000|1023600000|872500000|226300000|151100000||151100000|500000|-16700000|500000|16700000|1249900000|400000||32500000|210400000|43600000|16700000|166900000|167300000|226300000|259600000|166800000|BR
2019-12-31|USD|187700000|953200000|941900000|780900000|26800000|161000000||161000000|1600000|-15500000|1600000|15500000|968700000|-2400000||30300000|10500000|400000|15500000|10100000|21900000|26800000|56300000|10100000|BR
2019-09-30|USD|221100000|934400000|903600000|727500000|73100000|148000000||176100000|1000000|-14200000|1000000|14200000|948600000|3800000||28100000|63800000|7900000|14200000|55900000|47600000|73100000|106100000|55900000|BR
2019-06-30|USD|399600000|1211200000|1018700000|811600000|240800000|158800000||207100000|1300000|-12600000|1300000|12600000|1211200000|600000||48300000|230000000|46800000|12600000|230000000|176200000|240800000|290900000|183200000|BR
2019-03-31|USD|377500000|1212700000|991200000|847300000|233600000|143900000||143900000|1700000|-11700000|11500000|11700000|1224400000|0||21100000|223600000|51400000|11700000|172200000|177200000|233600000|256400000|172200000|BR
2018-12-31|USD|219400000|942000000|875200000|734000000|78200000|141200000||141200000|600000|-11300000||11300000|953300000|-3200000||21300000|64300000|14400000|11300000|49900000|44200000|78200000|96900000|49900000|BR
2018-09-30|USD|233800000|963000000|894600000|739000000|100100000|133700000||155600000|600000|-10200000||10200000|973200000|-1200000||21900000|89300000|12600000|10200000|76700000|66700000|100100000|121400000|76700000|BR
2018-06-30|USD|450900000|1321000000|870100000|869600000|266200000|184700000||231500000|1100000|-11100000||11100000|1320400000|-1200000||46600000|258000000|51200000|11100000|258000000|189600000|266200000|315700000|206800000|BR
2018-03-31|USD|269300000|1071900000|803100000|802500000|130800000|138600000||138800000|1500000|-10500000||10500000|-200000|3400000||20200000|125300000|16200000|10500000|109000000|112900000|130800000|156000000|109100000|BR
2017-12-31|USD|243500000|1012800000|769800000|769300000|115900000|127700000||127900000|600000|-10800000||10800000|0|-2200000||19800000|103500000|41400000|10800000|62100000|60700000|115900000|134100000|62100000|BR
2017-09-30|USD|198800000|924800000|726600000|726000000|85200000|113500000||133200000|600000|-10000000||10000000|300000|-1500000||19400000|74300000|24400000|10000000|49900000|68700000|85200000|103700000|49900000|BR
2017-06-30|USD|435600000|1345700000|910100000|910100000|297000000|137900000||178500000|500000|-11300000||11300000|1345700000|2400000||39900000|284700000|97600000|11300000|284700000|191800000|297000000|335900000|187100000|BR
2017-03-31|USD|235200000|1008900000|773700000|773700000|109700000|125500000||125500000|900000|-11700000||11700000|-400000|7400000||19700000|106300000|30400000|11700000|75900000|76300000|109700000|137700000|75900000|BR
2016-12-31|USD|184900000|892600000|707800000|707800000|58800000|126000000||126000000|300000|-11000000||11000000|-600000|-2500000||20300000|45700000|15600000|11000000|30100000|18100000|58800000|77000000|30100000|BR
2016-09-30|USD|177400000|895300000|717900000|717900000|66000000|111300000||124100000|400000|-10700000||10700000|-2300000|-4200000||12800000|51600000|17900000|10700000|33600000|23000000|66000000|75100000|33700000|BR
2016-06-30|USD|388200000|974500000|586300000|586300000|270300000|117900000||144500000|700000|-7300000||7300000|-1200000|-1200000||26600000|262600000|92500000|7300000|270300000|179500000|270300000|296500000|170100000|BR
2016-03-31|USD|202300000|688800000|486500000|486500000|100600000|101700000||101700000|900000|-7400000||7400000|700000|-700000||7800000|93400000|29700000|7400000|63700000|54000000|100600000|108600000|63700000|BR
2015-12-31|USD|174400000|638900000|464500000|464500000|70200000|104200000||104200000|500000|-7000000||7000000|-300000|-2400000||8100000|61300000|21100000|7000000|40200000|35200000|70200000|76400000|40200000|BR
2015-09-30|USD|156100000|594700000|438600000|438600000|59100000|97100000||105200000|500000|-6800000||6800000|400000|-1200000||8100000|51600000|18100000|6800000|33600000|21500000|59100000|66500000|33500000|BR
2015-06-30|USD|374500000|929600000|555100000|555100000|261800000|112800000||130800000|600000|-6600000||6600000|100000|17800000||18800000|255400000|89500000|6600000|374500000|167200000|261800000|280800000|165900000|BR
2015-03-31|USD|181600000|634200000|452600000|452600000|89000000|92600000||92000000|800000|-6400000||6400000|200000|-7700000||6300000|81900000|27900000|6400000|52300000|37300000|89000000|94600000|54000000|BR
2014-12-31|USD|160600000|574600000|414000000|414000000|59100000|101500000||101100000|800000|-6200000||6200000|-200000|-7900000||5700000|51600000|16900000|6200000|32800000|23500000|59100000|63500000|34700000|BR
2014-09-30|USD|149300000|555800000|406500000|406500000|57100000|92200000||97500000|600000|-6200000||6200000|0|-7100000||5800000|50000000|17500000|6200000|31000000|27900000|57100000|62000000|32500000|BR
2014-06-30|USD|334700000|885900000|551200000|551200000|1416800000|123300000||133700000|400000|-6700000||6700000|-800000|-4800000||6000000|206600000|66400000|6700000|140200000|142700000|213300000|219300000|140200000|BR
2014-03-31|USD|178700000|606300000|427600000|427600000|-350700000|95600000||102400000|700000|-6200000||6200000|-100000|-6200000||5700000|76900000|26100000|6200000|50800000|50500000|83100000|88800000|50800000|BR
2013-12-31|USD|135500000|520600000|385100000|385100000|-342400000|86000000||92700000|500000|-6200000||6200000|-600000|-6800000||5400000|42700000|15100000|6200000|27600000|33200000|48900000|54300000|27600000|BR
2013-09-30|USD|147700000|545200000|397500000|397500000|-328200000|73500000||85300000|200000|-4600000||4600000|1200000|-4900000||5500000|69300000|24900000|4600000|44400000|42700000|73900000|79400000|44400000|BR
2013-06-30|USD|301100000|865100000|564000000|564000000|1406000000|94500000||133600000|200000|-3300000||3300000|300000|-4400000||17800000|202200000|67600000|3300000|134600000|136000000|205500000|223300000|134600000|BR
2013-03-31|USD|150500000|576700000|426200000|426200000|-358500000|79000000||82900000|400000|-3500000||3500000|-300000|-3800000||5400000|67700000|24300000|3500000|43400000|37000000|71200000|76600000|43400000|BR
2012-12-31|USD|105600000|493200000|387600000|387600000|-362900000|77200000||81300000|400000|-3400000||3400000|-1600000|-3700000||5500000|24700000|8900000|3400000|15800000|16700000|28100000|33600000|15800000|BR
2012-09-30|USD|105800000|495800000|390000000|390000000|-361400000|72900000||76900000|500000|-3500000||3500000|800000|-4300000||5500000|28600000|10300000|3500000|18300000|23100000|32100000|37600000|18300000|BR
2012-06-30|USD|271400000|800300000|528900000|42000000|135300000|91100000||275600000|200000|-3400000||3400000|1100000|-3000000||18200000|135300000|51900000|3400000|83400000|75300000|135300000|198700000|83400000|BR
2012-03-31|USD|126200000|547000000|420800000|22500000|28800000|70600000||28000000|600000|-3600000||3600000|-800000|-4300000||20400000|27400000|10700000|3600000|18100000|22000000|28800000|28800000|16700000|BR
2011-12-31|USD|97200000|479800000|382600000|9700000|10600000|73500000||27600000|500000|-3900000||3900000|500000|-3400000||18200000|10600000|3800000|3900000|6800000|1400000|10600000|42400000|6800000|BR
2011-09-30|USD|93600000|476400000|382800000|382800000|26200000|64700000||28800000|500000|-2600000||2600000|-500000|-2700000||16400000|26200000|9500000|2600000|16700000|12300000|26200000|45800000|16700000|BR
2011-06-30|USD|258800000|776100000|517300000|517300000|181200000|74700000||220300000|700000|-2600000||2600000|-800000|-2900000||11000000|182100000|65900000|2600000|115300000|113300000|181200000|195700000|116200000|BR
2011-03-31|USD|120500000|527100000|406600000|406600000|51100000|66900000||27600000|600000|-2500000||2500000|-400000|-2500000||3600000|48200000|18500000|2500000|32600000|38500000|51100000|54300000|29700000|BR
2010-12-31|USD|85700000|442300000|356600000|356600000|16500000|66900000||27300000|500000|-2300000||2300000|-200000|-2300000||3600000|16300000|5900000|2300000|10600000|15300000|16500000|22200000|10400000|BR
2010-09-30|USD|84800000|421400000|336600000|336600000|20900000|61500000||65100000|400000|-2400000||2400000|-300000|-2400000||3600000|20900000|7600000|2400000|13300000|20000000|20900000|26900000|13300000|BR
2009-12-31|USD|130000000|529700000|399700000|399700000|71600000|58400000||58400000||||2400000||-3100000||13900000|68500000|17000000||51500000||60800000|74700000|33600000|BR
2009-09-30|USD|99700000|438200000|338500000|355400000|46100000|53400000||60200000||||400000||-3800000||14300000|42300000|15900000||26600000||28400000|42700000|26400000|BR
