fiscalDateEnding|reportedCurrency|grossProfit|totalRevenue|costOfRevenue|costofGoodsAndServicesSold|operatingIncome|sellingGeneralAndAdministrative|researchAndDevelopment|operatingExpenses|investmentIncomeNet|netInterestIncome|interestIncome|interestExpense|nonInterestIncome|otherNonOperatingIncome|depreciation|depreciationAndAmortization|incomeBeforeTax|incomeTaxExpense|interestAndDebtExpense|netIncomeFromContinuingOperations|comprehensiveIncomeNetOfTax|ebit|ebitda|netIncome|ticker
2024-11-30|USD|677646000|6223371000|5545725000|43500000|17175000|575764000||660471000||276000000|301418000|25418000|6223400000|||64507000|166472000|41031000|6589000|125441000|131211000|191890000|256397000|125441000|KMX
2024-08-31|USD|760467000|7013529000|6253062000|42600000|66704000|610562000||693763000||270800000|297821000|27021000|7013500000|||63901000|177844000|45035000|6920000|132809000|80188000|204865000|268766000|132809000|KMX
2024-05-31|USD|791895000|7113397000|6321502000|42000000|72248000|638578000||722192000||270200000|301562000|31362000|7110855000|||61869000|206640000|54200000|6671000|152440000|154839000|238002000|299871000|152440000|KMX
2024-02-29|USD|586191000|5626603000|5040412000|40400000|-75163000|580885000|52900000|662072000||259200000|290634000|31434000|5625882000|||61169000|65511000|15243000|31434000|50268000|48880000|96945000|158114000|50268000|KMX
2023-11-30|USD|612863000|6148538000|5535675000|39700000|-27122000|559962000||639985000||256700000|287965000|31265000|6148500000|||60623000|110558000|28555000|31265000|82003000|64073000|141823000|202446000|82003000|KMX
2023-08-31|USD|696765000|7073836000|6377071000|40200000|32954000|585694000||663811000||264900000|296485000|31585000|7073800000|||58817000|158286000|39651000|31585000|118635000|135902000|189871000|248688000|118635000|KMX
2023-05-31|USD|817390000|7687063000|6869673000|39600000|180234000|559837000||640132000||257900000|288366000|30466000|7684124000|1214000||58419000|307240000|78942000|30466000|228298000|191759000|337706000|396125000|228298000|KMX
2023-02-28|USD|610979000|5722493000|5111514000|40100000|-39602000|572849000|13225000|646475000||262000000|290728000|28728000|5726606000|||57732000|82634000|13622000|28728000|69012000|109461000|111362000|169094000|69012000|KMX
2022-11-30|USD|576688000|6505956000|5929268000|38800000|-91116000|591727000||667804000||276600000|306750000|30150000|6506000000|363000||57377000|49993000|12413000|30150000|37580000|63001000|80143000|137520000|37580000|KMX
2022-08-31|USD|737145000|8144803000|7407658000|36300000|-3188000|666041000||740333000||294700000|327445000|32745000|8144800000|||57692000|167575000|41670000|32745000|125905000|152012000|200320000|258012000|125905000|KMX
2022-05-31|USD|875391000|9311621000|8436230000|35600000|145903000|656740000||734830000||297900000|326675000|28775000|9306258000|-2099000||55648000|336602000|84337000|28775000|252265000|304579000|365377000|421025000|252265000|KMX
2022-02-28|USD|710989000|7686695000|6975706000|35400000|16405000|620935000|5668000|702253000||283600000|310448000|26848000|7679031000|0||54849000|201247000|41411000|26848000|159836000|213715000|228095000|282944000|159836000|KMX
2021-11-30|USD|836560000|8527759000|7691199000|34300000|187002000|575930000||649558000||276400000|300703000|24303000|8527800000|0||54428000|355961000|86523000|24303000|269438000|281480000|380264000|434692000|269438000|KMX
2021-08-31|USD|815484000|7988359000|7172875000|27900000|173109000|574286000||642375000||263500000|285910000|22410000|7988400000|0||52789000|367814000|82547000|22410000|285267000|288678000|390224000|443013000|285267000|KMX
2021-05-31|USD|924509000|7697599000|6773090000|27200000|306150000|554069000||597322000||244500000|265034000|20534000|7718637000|0||49890000|567324000|130568000|20534000|436756000|439693000|587858000|637748000|436756000|KMX
2021-02-28|USD|641369000|5164257000|4522888000|27000000|67276000|506824000||566718000||219800000|240089000|20289000|5171575000|0||49230000|262249000|52304000|20289000|209945000|244178000|282538000|331768000|209945000|KMX
2020-11-30|USD|631430000|5184944000|4553514000|26800000|135284000|430781000||496146000||211400000|230862000|19462000|5184900000|0||48016000|310503000|75203000|19462000|235300000|242802000|329965000|377981000|235300000|KMX
2020-08-31|USD|752143000|5372166000|4620023000|25400000|246216000|441923000||505927000||198800000|221269000|22469000|5372200000|-300000||48285000|388341000|91645000|22469000|296696000|301675000|410810000|459095000|296696000|KMX
2020-05-31|USD|354183000|3228782000|2874599000|23000000|-32988000|324891000||392557000||197900000|221858000|23958000|3223414000|-1900000||48825000|4164000|-814000|23958000|4978000|-10356000|28122000|76947000|4978000|KMX
2020-02-29|USD|672857000|4962490000|4289633000|28700000|188129000|484728000||484728000||193600000|215907000|22307000|4958921000|0||185785000|276633000|61699000|22307000|188129000|146870000|298940000|484725000|214934000|KMX
2019-11-30|USD|613647000|4790028000|4176381000|25500000|112536000|484848000||501111000||188500000|210343000|21843000|4790000000|0||1563000|227559000|54403000|21843000|173156000|182779000|249402000|250965000|173156000|KMX
2019-08-31|USD|693453000|5201151000|4507698000|25500000|196069000|480831000||497384000||185100000|206173000|21073000|5201200000|0||1453000|305537000|71938000|21073000|233599000|223175000|326610000|328063000|233599000|KMX
2019-05-31|USD|742383000|5366318000|4623935000|24600000|238223000|489660000||505896000||178800000|196584000|17784000|5364564000|0||1098000|351257000|84513000|17784000|266744000|253548000|369041000|370139000|266744000|KMX
2019-02-28|USD|599378000|4318602000|3719224000|23700000|170411000|428967000||428967000||169500000|190476000|20976000|4319879000|0||46638000|255829000|63273000|20976000|170411000|178683000|276805000|323443000|192556000|KMX
2018-11-30|USD|569237000|4295871000|3726634000|21900000|147217000|409520000||422020000||172500000|191314000|18814000|4295900000|-100000||45298000|247808000|57497000|18814000|190311000|190609000|266622000|387220000|190311000|KMX
2018-08-31|USD|650636000|4766035000|4115399000|23100000|183582000|453554000||467054000||173100000|191050000|17950000|4766000000|-300000||44968000|289485000|68595000|17950000|220890000|221500000|307435000|421503000|220890000|KMX
2018-05-31|USD|661340000|4792592000|4131252000|22000000|210706000|438234000||452102000||168500000|186552000|18052000|4791132000|0||45343000|319684000|81028000|18052000|238656000|237923000|337736000|383079000|238656000|KMX
2018-02-28|USD|536728000|4084218000|3547490000|21500000|127914000|408814000||408814000||160800000|180466000|19666000|-75000|400000||46767000|210123000|87977000|19666000|127914000|129718000|229789000|276556000|122146000|KMX
2017-11-30|USD|539188000|4107017000|3567829000|21400000|127016000|399672000||412172000||161700000|179105000|17405000|4107000000|0||45097000|225200000|76360000|17405000|148840000|157163000|242605000|343102000|148840000|KMX
2017-08-31|USD|604005000|4386640000|3782635000|20600000|187143000|405062000||416862000||161400000|178236000|16836000|4386600000|0||44184000|290232000|108808000|16836000|181424000|180026000|307068000|403452000|181424000|KMX
2017-05-31|USD|648938000|4542334000|3893396000|19700000|234235000|403503000||415324000||157700000|174538000|16838000|-621000|0||43894000|338053000|126351000|16838000|211702000|210028000|354891000|398785000|211702000|KMX
2017-02-28|USD|562160000|4049960000|3487800000|19600000|176747000|385413000||385413000||148900000|165253000|16353000|-2051000|0||43221000|242315000|89712000|16353000|176747000|156183000|258668000|301889000|152603000|KMX
2016-11-30|USD|503135000|3701524000|3198389000|17300000|136600000|356735000||366535000||148600000|163671000|15071000|-1816000|0||42641000|219661000|83016000|15071000|136645000|143092000|234732000|321473000|136645000|KMX
2016-08-31|USD|545362000|3997248000|3451886000|16700000|170236000|366126000||375126000||148400000|162304000|13904000|-34000|0||42212000|261736000|99374000|13904000|162362000|162605000|275640000|359652000|162362000|KMX
2016-05-31|USD|572637000|4126386000|3553749000|17300000|182707000|380230000||390198000||144700000|155788000|11088000|-268000|0||40801000|282693000|107333000|11088000|175360000|178731000|293781000|334582000|175360000|KMX
2016-02-29|USD|489265000|3705805000|3216540000|16800000|155405000|333860000||333860000||140100000|151884000|11784000|-10129000|0||36856000|226186000|85159000|11784000|155405000|137495000|237970000|274826000|141027000|KMX
2015-11-30|USD|464331000|3544069000|3079738000|15800000|118119000|337512000||346212000||139300000|149321000|10021000|-1197000|-300000||35316000|207957000|79758000|10021000|128199000|127684000|217978000|286294000|128199000|KMX
2015-08-31|USD|521370000|3884913000|3363543000|15000000|182686000|330784000||338684000||139000000|146450000|7450000|-1733000|-100000||33122000|279822000|107594000|7450000|172228000|172537000|287272000|351194000|172228000|KMX
2015-05-31|USD|543794000|4014888000|3471094000|14100000|186715000|349779000||357156000||136800000|143903000|7103000|-77000|0||32066000|295979000|114005000|7103000|181974000|180907000|303082000|335148000|181974000|KMX
2015-02-28|USD|475837000|3514092000|3038255000|17300000|145828000|330009000||330009000||129700000|131883000|2183000|-1366000|0||30179000|232832000|89694000|-6900000|145828000|123605000|235015000|265194000|143138000|KMX
2014-11-30|USD|446620000|3405234000|2958614000|14100000|122188000|316632000||324432000||127900000|135238000|7338000|-1569000|0||29228000|210836000|80787000|7338000|130049000|128658000|218174000|272202000|130049000|KMX
2014-08-31|USD|463339000|3599194000|3135855000|13800000|158201000|297638000||305138000||126800000|134151000|7351000|-493000|0||28423000|250641000|96123000|7351000|154518000|155827000|257992000|310315000|154518000|KMX
2014-05-31|USD|501731000|3750196000|3248465000|13500000|174785000|313446000||334971000||123900000|131501000|7601000|-424000|0||27343000|275022000|105369000|7601000|169653000|170148000|282623000|309966000|169653000|KMX
2014-02-28|USD|384141000|3076283000|2692142000|12500000|86687000|297454000||297454000||116600000|124146000|7546000|-35000|0||27928000|159708000|60499000|7157000|86687000|110065000|167254000|195182000|99209000|KMX
2013-11-30|USD|381721000|2941407000|2559686000|12500000|84855000|284366000||304515000||116100000|123749000|7649000|-914000|0||24823000|173200000|66748000|7649000|106452000|103234000|180849000|227872000|106452000|KMX
2013-08-31|USD|434743000|3245552000|2810809000|12300000|139237000|283206000||303267000||114600000|122361000|7761000|-1108000|100000||24825000|227125000|86851000|7761000|140274000|143875000|234886000|282311000|140274000|KMX
2013-05-31|USD|448096000|3311057000|2862961000|12400000|145507000|290189000||310289000||110700000|118578000|7878000|178000|0||24335000|237289000|90638000|7878000|146651000|148949000|245167000|269502000|146651000|KMX
2013-02-28|USD|369235000|2827948000|2458713000|11700000|103760000|265475000||265475000||103700000|111697000|7997000|-3549000|0||24562000|172151000|64930000|7997000|103760000|99158000|180148000|204710000|107221000|KMX
2012-11-30|USD|345219000|2602446000|2257227000|11400000|76537000|257282000||276747000||101800000|109865000|8065000|1108000|200000||24279000|152465000|57784000|8065000|94681000|96347000|160530000|208109000|94681000|KMX
2012-08-31|USD|367993000|2758004000|2390011000|10800000|102519000|254674000||273626000||99600000|107752000|8152000|254000|-200000||23460000|181102000|69466000|8152000|111636000|119020000|189254000|212714000|111636000|KMX
2012-05-31|USD|381915000|2774420000|2392505000|10800000|117512000|253603000||272354000||95200000|103343000|8143000|192000|0||22982000|195633000|74887000|8143000|120746000|122410000|203776000|226758000|120746000|KMX
2012-02-29|USD|338172000|2475849000|2137677000|11400000|94693000|243479000||243479000||88900000|97251000|8351000|1238000|100000||34791000|152760000|57729000|31356000|94693000|71829000|161111000|149121000|95031000|KMX
2011-11-30|USD|303219000|2260514000|1957295000|11300000|59856000|225765000||244143000||88700000|97059000|8359000|136000|300000||17017000|131626000|49516000|780000|82794000|76269000|139985000|150557000|82110000|KMX
2011-08-31|USD|354275000|2587819000|2233544000|11400000|106282000|229887000||248780000|110000|85600000|94064000|8464000|1004000|400000||15600000|179860000|68706000|787000|111895000|105745000|188324000|197376000|111154000|KMX
2011-05-31|USD|383095000|2679417000|2296322000|11400000|134699000|241655000||249187000|103000|79400000|87940000|8540000|191000|700000||15404000|202664000|77164000|791000|126288000|122550000|211204000|220058000|125500000|KMX
2011-02-28|USD|320652000|2252633000|1931981000|1931981000|93746000|226906000||226906000|100000|287586000|319980000|32394000|1600000|||15764000|137954000|49200000|824000|93746000|90378000|170348000|103060000|88754000|KMX
2010-11-30|USD|297910000|2119129000|1821219000|1821219000|78203000|213156000||220508000|198000|-801000||801000||198000||14609000|132492000|50981000|801000|82364000|78645000|133293000|93010000|81511000|KMX
2010-08-31|USD|349118000|2341880000|1992762000|1992762000|123882000|218664000||226649000|102000|-1413000||1413000||102000||14616000|174295000|67290000|1413000|107885000|102672000|175708000|191204000|107005000|KMX
2010-05-31|USD|333548000|2261912000|1928364000|1928364000|106864000|220079000||169197000||||72000||||14432000|163465000|63240000||||163537000|178863000|100225000|KMX
2010-02-28|USD|265221000|1833245000|1568024000|1568024000|122076000|175714000||378541000||||32906000||||14381000|115660000|44124000||||148566000|136457000|71536000|KMX
2009-11-30|USD|242863000|1725977000|1483114000|1483114000|116574000|192140000||192230000||||674000||||14368000|115900000|41311000||||116574000|130942000|74589000|KMX
2009-08-31|USD|314549000|2076671000|1762122000|1762122000|168747000|218122000||290632000||||1348000||||14547000|167399000|64428000||||168747000|183294000|102971000|KMX
