fiscalDateEnding|reportedCurrency|grossProfit|totalRevenue|costOfRevenue|costofGoodsAndServicesSold|operatingIncome|sellingGeneralAndAdministrative|researchAndDevelopment|operatingExpenses|investmentIncomeNet|netInterestIncome|interestIncome|interestExpense|nonInterestIncome|otherNonOperatingIncome|depreciation|depreciationAndAmortization|incomeBeforeTax|incomeTaxExpense|interestAndDebtExpense|netIncomeFromContinuingOperations|comprehensiveIncomeNetOfTax|ebit|ebitda|netIncome|ticker
2024-12-31|USD|654922000|1624727000|969805000|386523000|781445000|107994000||-301616000||-186435000||186435000|208412000|2387000||620319000|565264000|146869000|249083000|427245000|418644000|781445000|1380868000|418395000|EQT
2024-09-30|USD|754487000|1283802000|529315000|440845000|-281840000|88470000||139105000||-158299000||158299000|56334000|3960000||589299000|-405693000|-104870000|158664000|-297432000|-300795000|-281840000|345296000|-300823000|EQT
2024-06-30|USD|342238000|952512000|610274000|543067000|2971000|67207000||-251544000||-55720000||55720000|1269142000|19431000||465982000|-34705000|-44222000|57557000|9239000|9560000|2971000|486719000|9517000|EQT
2024-03-31|USD|784678000|1412268000|627590000|545181000|182720000|73053000||83472000||-54371000||54371000|1440724000|205000||486750000|127790000|24302000|57820000|103063000|103531000|182161000|668486000|103488000|EQT
2023-12-31|USD|1220776000|2042999000|822223000|564326000|722717000|67172000||267598000||-72804000||72804000|2127553000|362000||501887000|653034000|150979000|72939000|501447000|502095000|725838000|1227117000|502055000|EQT
2023-09-30|USD|574372000|1186102000|611730000|554788000|15807000|56942000||58900000||-60427000|60841000|60427000|1177189000|132000||446886000|-45598000|-126853000|61516000|80730000|81312000|14829000|-154169000|81255000|EQT
2023-06-30|USD|435426000|1018751000|583325000|523162000|-34993000|60163000||61141000||-39883000|38229000|39883000|1007474000|562000||395684000|-78444000|-11818000|45345000|-66866000|-66577000|-38561000|-194279000|-66626000|EQT
2023-03-31|USD|2067119000|2661071000|593952000|514984000|1610880000|51894000||96448000||-46546000|41607000|46546000|2740204000|175000||387685000|1575194000|356646000|39940000|1219233000|1218712000|1621740000|813102000|1218548000|EQT
2022-12-31|USD|2749583000|3479828000|730245000|520076000|2319776000|57042000||235140000||-55630000|46016000|55630000|3479891000|214000||-46412000|2270959000|558977000|56574000|1713839000|1713409000|2326589000|2280177000|1711982000|EQT
2022-09-30|USD|1461140000|2069463000|608323000|541092000|924586000|67231000||67323000||-60138000|57104000|60138000|2039349000|157000||451126000|835876000|152206000|87952000|687462000|683733000|896014000|1347140000|683670000|EQT
2022-06-30|USD|1928528000|2527508000|598980000|539704000|1361901000|59276000||60036000||-65985000|55095000|65985000|2416749000|7313000||447220000|1199595000|308234000|170333000|894224000|891425000|1265580000|1712800000|891361000|EQT
2022-03-31|USD|-1378037000|2486624000|798927000|516104000|-1888266000|69096000||282386000||-67902000|85091000|67902000|-597099000|3596000||435277000|-1981745000|-465697000|74825000|-1514583000|-1515985000|-1913843000|-1478566000|-1516048000|EQT
2021-12-31|USD|2936138000|3839694000|903556000|537468000|2457347000|52343000||319009000||-76469000|-4952000|71517000|3840721000|7776000||510563000|2397365000|592613000|76469000|1802554000|1805298000|2468882000|2979445000|1804752000|EQT
2021-09-30|USD|-2008848000|1784050000|544010000|494897000|-2609526000|49113000||108374000|43184000|-80349000|-4840000|75509000|-1473187000|4260000||452874000|-2638192000|-661380000|80349000|-1979516000|-1976775000|-2562683000|-2109809000|-1976812000|EQT
2021-06-30|USD|-773985000|1077904000|513869000|464016000|-1217641000|49853000||56857000|11829000|-76986000|-4732000|72254000|-272960000|3765000||391417000|-1279571000|-346311000|82318000|-936519000|-933179000|-1207317000|-815900000|-933260000|EQT
2021-03-31|USD|443583000|949923000|506340000|445784000|8845000|45006000||70948000|11848000|-75099000|-4626000|70473000|940861000|3304000||388084000|-50386000|-12959000|79523000|-41032000|-37347000|20087000|408171000|-37427000|EQT
2020-12-31|USD|-22800000|1252585000|22800000|437573000|146083000|44836000||22800000||-74286000|-11932000|62354000|1237337000|4308000||3573000|72700000|645000|79009000|63688000|71743000|135054000|138627000|72055000|EQT
2020-09-30|USD|-319372000|172127000|491499000|427691000|-760195000|51654000||66968000|3801000|-69154000|62453000|69154000|168061000|2900000||7478000|-826397000|-225757000|72903000|-600640000|-600568000|-757243000|-749765000|-600640000|EQT
2020-06-30|USD|70620000|527074000|456454000|405636000|-386912000|43341000||51694000|82983000|-65386000|21187000|65386000|524845000|3590000||7477000|-366078000|-103003000|65739000|-263075000|-263003000|-300692000|-293215000|-263075000|EQT
2020-03-31|USD|522187000|1107057000|584870000|439834000|123358000|34938000||145959000|-390628000|-62374000|241065000|62374000|1088027000|24714000||7478000|-134317000|32822000|78984000|-167139000|-167127000|-71943000|-64465000|-167139000|EQT
2019-12-31|USD|-112917000|1011483000|1124400000|438580000|-1462067000|-43951000||1124400000||-45066000|81389000|45066000|1010225000|23891000||7477000|-1543456000|-366532000|45066000|-1176924000|-1176577000|-1498390000|-1490913000|-1176924000|EQT
2019-09-30|USD|404912000|951576000|546664000|437942000|-161529000|79376000||112214000||-47709000|285842000|47709000|949940000|22960000||7755000|-447371000|-86343000|47709000|-361028000|-360908000|-399662000|-391907000|-361028000|EQT
2019-06-30|USD|787060000|1310252000|523192000|436984000|296030000|86208000||88065000||-50503000|131599000|50503000|1308162000|23645000||10342000|164431000|38865000|50503000|125566000|125684000|214934000|225276000|125566000|EQT
2019-03-31|USD|610984000|1143173000|532189000|439246000|175456000|48978000||93950000||-56573000||56573000|1139617000|20987000||10342000|228925000|38234000|56573000|190691000|190313000|285498000|295840000|190691000|EQT
2018-12-31|USD|1245138000|1245138000|1941296000|431528000|-570691000|77953000||3645891000||11101000|68848000|57747000|911778000|-36075000||15189000|-736475000|-99788000|-11101000|-598062000|-639745000|-678728000|-663539000|-636687000|EQT
2018-09-30|USD|595529000|1050046000|563341000|420747000|-147451000|51816000||95292000||-93042000|-36862000|56180000|1155343000|21755000||20728000|-111654000|-71961000|93042000|-127347000|-39985000|-55474000|-34746000|-39693000|EQT
2018-06-30|USD|730120000|950648000|324551000|428069000|-114650000|62959000||103115000||-77004000|-19884000|57120000|1050882000|11752000||20729000|-77116000|-94922000|77004000|-76978000|17462000|-19996000|733000|17806000|EQT
2018-03-31|USD|-1198535000|1312036000|2632118000|416657000|-1950332000|39815000||77217000||-70013000|-12102000|57911000|1412790000|9585000||20728000|-2015834000|-429840000|70013000|-1578533000|-1586151000|-1957923000|-1937195000|-1585994000|EQT
2017-12-31|USD|1129286000|1033539000|468401000|760040000|97257000|18095000||84073000||-65662000|-34801000|30861000|154687000|-19865000||10940000|-27438000|-1307509000|78303000|1276690000|1279244000|3423000|277866000|1280071000|EQT
2017-09-30|USD|432172000|597718000|213389000|136219000|-6380000|66263000||97774000||-50377000||50377000|35625000|6859000||246560000|12059000|-11281000|50377000|-6238000|22002000|62436000|355488000|23340000|EQT
2017-06-30|USD|501314000|631101000|191827000|134818000|47763000|52670000||77590000||-44078000||44078000|46326000|6638000||240817000|70835000|29709000|44078000|3387000|39567000|114913000|390923000|41126000|EQT
2017-03-31|USD|788009000|828662000|207601000|133706000|243572000|71957000||90737000||-42655000||42655000|140742000|3381000||231918000|264657000|100665000|42655000|113190000|163216000|307312000|485201000|163992000|EQT
2016-12-31|USD|379022000|298539000|270241000|628908000|-189466000|22181000||52133000||-39451000|-16761000|22690000|-208624000|8494000||244972000|-402901000|-210943000|39451000|-509215000|-203215000|-380211000|94339000|-191958000|EQT
2016-09-30|USD|462831000|614098000|151267000|89883000|108457000|61430000||92569000||-35984000||35984000|93356000|10715000||237088000|5068000|13084000|35984000|70104000|-22638000|41052000|25816000|-8016000|EQT
2016-06-30|USD|-304973000|127531000|161506000|84207000|-324492000|77352000||106552000||-36305000||36305000|-234693000|7644000||224629000|-430991000|-172346000|36305000|-180807000|-264927000|-394686000|142474000|-258645000|EQT
2016-03-31|USD|480917000|617884000|136967000|77193000|127201000|57983000||89525000||-36180000||36180000|108995000|4840000||221231000|13072000|7436000|36180000|88425000|-6539000|49252000|244277000|5636000|EQT
2015-12-31|USD|601380000|601380000|302033000|87639000|45291000|60762000||88206000||-35935000||35935000|176648000|3664000||219425000|-58297000|76282000|35935000|-134579000|-165731000|-22362000|-9476000|-134579000|EQT
2015-09-30|USD|576065000|701731000|125666000|65033000|170055000|60633000||93018000||-36547000||36547000|161263000|2661000||208227000|76723000|35936000|36547000|40787000|1679000|113270000|219680000|40787000|EQT
2015-06-30|USD|272254000|400600000|128346000|62942000|33034000|65404000||97465000||-36833000||36833000|4259000|2689000||196819000|-59321000|-64857000|36833000|5536000|-36807000|-22488000|31464000|5536000|EQT
2015-03-31|USD|1234223000|1380330000|146107000|59734000|314759000|63126000||95101000||-37216000||37216000|43592000|939000||194745000|230741000|57314000|37216000|173427000|132914000|267957000|466851000|173427000|EQT
2014-12-31|USD|435894000|703194000|267300000|59384000|40330000|68752000||267300000||-36979000||36979000|-3603000|719000||194390000|-40532000|-25828000|36979000|-14303000|162870000|-3553000|311991000|-14704000|EQT
2014-09-30|USD|436754000|543006000|106252000|49121000|231503000|57131000||85075000||-35717000||35717000|0|1004000||175578000|163051000|64496000|35717000|98555000|116586000|198768000|408085000|98555000|EQT
2014-06-30|USD|417038000|532044000|115006000|51723000|224771000|63283000||64859000||-31873000||31873000|37749000|2579000||157219000|170010000|59089000|31873000|109045000|91826000|201883000|346820000|110921000|EQT
2014-03-31|USD|535239000|629657000|94418000|45175000|356791000|48968000||106576000||-31968000||31968000|-9354000|2551000||152111000|308528000|116335000|31968000|192297000|170474000|340496000|511453000|192193000|EQT
2013-12-31|USD|493429000|493429000|7310000|-39091000|181081000|58071000||138022000||-31998000||31998000|19618000|2396000||183229000|184044000|68839000|31998000|61933000|82733000|181081000|164073000|115205000|EQT
2013-09-30|USD|380835000|471044000|90209000|37265000|167064000|48171000||93754000||-35554000||35554000|0|2405000||175648000|121757000|33501000|35554000|86199000|80438000|167064000|172953000|88256000|EQT
2013-06-30|USD|373524000|484819000|111295000|50365000|161980000|54822000||104452000||-37384000||37384000||2111000||168577000|124934000|38078000|37384000|81466000|150267000|161980000|341983000|86856000|EQT
2013-03-31|USD|371191000|523238000|152047000|100569000|144479000|39785000||94922000||-37752000||37752000||2330000||149116000|135023000|34768000|37752000|69131000|22290000|144479000|350081000|100255000|EQT
2012-12-31|USD|489787000|489787000|139501000|77278000|126505000|36042000||226156000||-62445000||62445000|-923000|3047000||144301000|151598000|608000|62445000|33123000|64852000|126505000|153114000|150990000|EQT
2012-09-30|USD|240523000|326398000|85875000|34394000|81253000|51481000||93291000||-40460000||40460000|-187000|2988000||131611000|43458000|11585000|40460000|29010000|-66086000|81253000|217372000|31873000|EQT
2012-06-30|USD|220979000|302424000|81445000|39667000|70817000|41778000||84294000||-40629000||40629000|0|5249000||115681000|46024000|14578000|40629000|25302000|-38887000|70817000|197085000|31446000|EQT
2012-03-31|USD|285279000|412287000|127008000|84066000|111054000|42942000||85108000||-41252000||41252000|1110000|2469000||107525000|116725000|44690000|41252000|48467000|134922000|111054000|263033000|72035000|EQT
2011-12-31|USD|436804000|436804000|173887000|128597000|172753000|29052000||203507000||-37686000||37686000|0|6190000||91670000|182341000|9588000|37686000|30659000|184551000|172753000|264423000|172753000|EQT
2011-09-30|USD|434516000|487458000|52942000|8197000|314984000|44745000||-102081000||-32503000||32503000|180143000|3098000||87343000|285579000|106665000|32503000|178914000|228630000|314984000|222184000|178914000|EQT
2011-06-30|USD|253318000|315713000|62395000|21459000|153170000|40936000||75421000||-33287000||33287000|0|18046000||81886000|137929000|50175000|33287000|121041000|108605000|153170000|235056000|87754000|EQT
2011-03-31|USD|289135000|426240000|137105000|98214000|220412000|38891000||75835000||-32852000||32852000|22785000|431000||78398000|194364000|72109000|32852000|128307000|108020000|220412000|278383000|122255000|EQT
2010-12-31|USD|371218000|371218000|104651000|62428000|134655000|37590000||192315000||-26082000||26082000||189000||74641000|112920000|39807000|26082000|134655000|125657000|134655000|211375000|73113000|EQT
2010-09-30|USD|180303000|223474000|43171000|8838000|88182000|34333000||69135000||-33861000||33861000||278000||68548000|57245000|20723000|33861000|70383000|36522000|88182000|159376000|36522000|EQT
2010-06-30|USD|163050000|223435000|60385000|15969000|78529000|44416000||178986000||-34080000||34080000||153000||65217000|47022000|17022000|34080000|64080000|30000000|78529000|146166000|30000000|EQT
2010-03-31|USD|249332000|402506000|153174000|113962000|169113000|39212000||267527000||-34134000||34134000||527000||61879000|138033000|49968000|34134000|122199000|88065000|169113000|233519000|88065000|EQT
2009-12-31|USD|344027000|344027000|113664000|62198000|113209000|51466000||91649000||-33683000||33683000||277000||55595000|81630000|26248000|33683000|113209000|109679000|113209000|170631000|55382000|EQT
2009-09-30|USD|112485000|185964000|73479000|13573000|39932000|59906000||96825000||-32393000||32393000||511000||49706000|10000000|7091000|32393000|35302000|2909000|39932000|91588000|2909000|EQT
2009-06-30|USD|141408000|211580000|70172000|34591000|67514000|35581000||170526000||-26460000||26460000||698000||46188000|43362000|16717000|26460000|53105000|26645000|67514000|115312000|26645000|EQT
