fiscalDateEnding|reportedCurrency|grossProfit|totalRevenue|costOfRevenue|costofGoodsAndServicesSold|operatingIncome|sellingGeneralAndAdministrative|researchAndDevelopment|operatingExpenses|investmentIncomeNet|netInterestIncome|interestIncome|interestExpense|nonInterestIncome|otherNonOperatingIncome|depreciation|depreciationAndAmortization|incomeBeforeTax|incomeTaxExpense|interestAndDebtExpense|netIncomeFromContinuingOperations|comprehensiveIncomeNetOfTax|ebit|ebitda|netIncome|ticker
2025-01-31|USD|2209000000|3963000000|1754000000|37000000|593000000|1593000000|716000000|2433000000||-26000000|34000000|60000000|3963000000|38000000|42000000|120000000|571000000|100000000|60000000|471000000|461000000|593000000|751000000|471000000|INTU
2024-10-31|USD|1761000000|3283000000|1522000000|37000000|271000000|1356000000|704000000|2189000000||-20000000|42000000|60000000|3283000000|2000000|44000000|120000000|213000000|16000000|60000000|197000000|197000000|271000000|393000000|197000000|INTU
2024-07-31|USD|1494000000|3357000000|1863000000|36000000|-151000000|1481000000|725000000|2552000000||-2000000|59000000|60000000|3184000000|71000000|48000000|123000000|-140000000|-120000000|60000000|-20000000|-16000000|-151000000|43000000|-20000000|INTU
2024-04-30|USD|4750000000|6680000000|1930000000|36000000|3105000000|1774000000|671000000|2565000000||-60000000|34000000|60000000|6737000000|27000000|42000000|120000000|3072000000|683000000|60000000|2389000000|2391000000|3105000000|3252000000|2389000000|INTU
2024-01-31|USD|1812000000|3386000000|1520000000|36000000|369000000|1364000000|678000000|2162000000||-57000000|22000000|57000000|3386000000|42000000|36000000|120000000|354000000|1000000|57000000|353000000|371000000|369000000|531000000|353000000|INTU
2023-10-31|USD|1647000000|2978000000|1269000000|38000000|307000000|1111000000|680000000|1911000000||-65000000|36000000|65000000|2978000000|22000000|33000000|120000000|264000000|23000000|65000000|241000000|218000000|307000000|449000000|241000000|INTU
2023-07-31|USD|1540000000|2883000000|1343000000|41000000|17000000|1181000000|680000000|1982000000||-68000000|46000000|68000000|2712000000|46000000|33000000|121000000|-5000000|-94000000|68000000|89000000|95000000|17000000|184000000|89000000|INTU
2023-04-30|USD|4260000000|5955000000|1695000000|40000000|2778000000|1535000000|604000000|2259000000||-66000000|28000000|66000000|6018000000|22000000|33000000|120000000|2734000000|647000000|66000000|2087000000|2089000000|2778000000|2920000000|2087000000|INTU
2023-01-31|USD|1570000000|2979000000|1409000000|41000000|270000000|1247000000|630000000|1998000000||-65000000|15000000|65000000|3041000000|23000000|47000000|121000000|228000000|60000000|65000000|168000000|192000000|270000000|414000000|168000000|INTU
2022-10-31|USD|1290000000|2551000000|1261000000|41000000|76000000|1099000000|625000000|1845000000||-49000000|14000000|49000000|2597000000|5000000|47000000|121000000|32000000|-8000000|49000000|40000000|13000000|76000000|202000000|40000000|INTU
2022-07-31|USD|1146000000|2449000000|1303000000|41000000|-75000000|1141000000|627000000|1889000000||-32000000|8000000|32000000|2414000000|8000000|45000000|121000000|-99000000|-43000000|32000000|-56000000|-63000000|-75000000|54000000|-56000000|INTU
2022-04-30|USD|3760000000|5615000000|1855000000|42000000|2395000000|1692000000|600000000|2413000000||-21000000|2000000|21000000|5632000000|-1000000|46000000|121000000|2373000000|579000000|21000000|1794000000|1775000000|2395000000|2515000000|1794000000|INTU
2022-01-31|USD|1153000000|2657000000|1504000000|42000000|56000000|1341000000|590000000|2052000000||-21000000||21000000|2673000000|-5000000|51000000|121000000|30000000|-70000000|21000000|100000000|95000000|56000000|172000000|100000000|INTU
2021-10-31|USD|1125000000|2005000000|880000000|15000000|195000000|812000000|530000000|1395000000||-7000000|5000000|7000000|2007000000|50000000|45000000|53000000|238000000|10000000|7000000|228000000|223000000|195000000|298000000|228000000|INTU
2021-07-31|USD|1383000000|2571000000|1188000000|15000000|402000000|1119000000|521000000|1694000000||-7000000|8000000|7000000|2561000000|8000000|44000000|54000000|403000000|23000000|7000000|380000000|380000000|402000000|464000000|380000000|INTU
2021-04-30|USD|2956000000|4170000000|1214000000|14000000|1914000000|1146000000|464000000|1664000000||-7000000|14000000|7000000|4173000000|14000000|45000000|54000000|1921000000|457000000|7000000|1464000000|1463000000|1914000000|1982000000|1464000000|INTU
2021-01-31|USD|693000000|1573000000|880000000|14000000|-25000000|830000000|368000000|1234000000||-7000000|2000000|7000000|1576000000|54000000|40000000|36000000|22000000|2000000|7000000|20000000|32000000|-25000000|65000000|20000000|INTU
2020-10-31|USD|769000000|1319000000|550000000|7000000|209000000|531000000|325000000|868000000||-8000000|3000000|8000000|1323000000|9000000|37000000|2000000|210000000|12000000|8000000|198000000|195000000|209000000|220000000|198000000|INTU
2020-07-31|USD|1494000000|1816000000|322000000|322000000|483000000|617000000|393000000|1011000000||-7000000|6000000|7000000|1816000000|10000000|44000000|1000000|486000000|41000000|7000000|483000000|457000000|483000000|494000000|445000000|INTU
2020-04-30|USD|2169000000|3002000000|836000000|426000000|1413000000|829000000|332000000|1163000000||-2000000|10000000|2000000|3002000000|-3000000|47000000|2000000|1408000000|324000000|2000000|1084000000|1075000000|1413000000|1412000000|1084000000|INTU
2020-01-31|USD|941000000|1696000000|759000000|340000000|270000000|752000000|333000000|1086000000||-3000000|11000000|3000000|1696000000|15000000|49000000|1000000|282000000|42000000|3000000|240000000|240000000|270000000|286000000|240000000|INTU
2019-10-31|USD|633000000|1165000000|537000000|290000000|10000000|529000000|334000000|865000000||-2000000|12000000|2000000|1165000000|14000000|49000000|2000000|22000000|-35000000|2000000|57000000|58000000|10000000|26000000|57000000|INTU
2019-07-31|USD|713000000|994000000|281000000|281000000|-153000000|531000000|333000000|866000000||-3000000|19000000|3000000|994000000|19000000|52000000|2000000|-137000000|-93000000|3000000|-153000000|-42000000|-153000000|-132000000|-44000000|INTU
2019-04-30|USD|2440000000|3272000000|828000000|354000000|1784000000|822000000|311000000|1134000000||-4000000|10000000|4000000|3272000000|17000000|48000000|1000000|1797000000|419000000|4000000|1378000000|1376000000|1784000000|1802000000|1378000000|INTU
2019-01-31|USD|804000000|1502000000|694000000|285000000|233000000|688000000|295000000|984000000||-4000000||4000000|1502000000|6000000|48000000|1000000|235000000|46000000|4000000|189000000|193000000|233000000|240000000|189000000|INTU
2018-10-31|USD|522000000|1016000000|490000000|247000000|-10000000|483000000|294000000|779000000||-4000000||4000000|1016000000|0|51000000|2000000|-14000000|-48000000|4000000|34000000|30000000|-10000000|-8000000|34000000|INTU
2018-07-31|USD|757000000|864000000|231000000|229000000|-200000000|525000000|311000000|835000000||-4000000||4000000|-5138000000|11000000|55000000|2000000|-193000000|-155000000|4000000|167000000|-42000000|-200000000|-187000000|-38000000|INTU
2018-04-30|USD|1911000000|2912000000|1009000000|305000000|1601000000|708000000|296000000|1006000000||-5000000||5000000|2912000000|7000000|56000000|2000000|1603000000|417000000|5000000|1200000000|1174000000|1601000000|1610000000|1186000000|INTU
2018-01-31|USD|303000000|1339000000|856000000|246000000|194000000|612000000|286000000|899000000||-6000000||6000000|1339000000|5000000|57000000|1000000|193000000|10000000|6000000|-21000000|192000000|194000000|200000000|183000000|INTU
2017-10-31|USD|233000000|910000000|648000000|198000000|-35000000|453000000|293000000|747000000||-5000000||5000000|910000000|3000000|60000000|1000000|-37000000|-35000000|5000000|-2000000|-9000000|-35000000|-31000000|-2000000|INTU
2017-07-31|USD|659000000|842000000|183000000|183000000|-10000000|406000000|263000000|669000000||-3000000||3000000||3000000|58000000|0|-1000000|-25000000|3000000|38000000|52000000|-10000000|2000000|24000000|INTU
2017-04-30|USD|1685000000|2541000000|848000000|237000000|1444000000|613000000|246000000|860000000||-8000000||8000000||3000000|55000000|1000000|1439000000|475000000|8000000|964000000|962000000|1444000000|1448000000|964000000|INTU
2017-01-31|USD|257000000|1016000000|748000000|206000000|22000000|545000000|243000000|788000000||-11000000||11000000||-1000000|52000000|0|10000000|-3000000|11000000|13000000|16000000|22000000|21000000|13000000|INTU
2016-10-31|USD|179000000|778000000|590000000|183000000|-61000000|409000000|246000000|656000000||-9000000||9000000||-2000000|49000000|1000000|-72000000|-42000000|9000000|-30000000|-35000000|-61000000|-62000000|-30000000|INTU
2016-07-31|USD|583000000|780000000|171000000|171000000|-56000000|398000000|235000000|639000000||-9000000||9000000||3000000|50000000|6000000|-62000000|-22000000|9000000|-40000000|-46000000|-56000000|-47000000|-40000000|INTU
2016-04-30|USD|1508000000|2294000000|786000000|216000000|1285000000|572000000|228000000|803000000||-10000000||10000000||2000000|51000000|3000000|1455000000|429000000|10000000|848000000|1042000000|1285000000|1468000000|1026000000|INTU
2016-01-31|USD|244000000|914000000|670000000|199000000|42000000|476000000|205000000|682000000||-9000000||9000000||-5000000|49000000|1000000|23000000|-1000000|9000000|29000000|14000000|42000000|33000000|24000000|INTU
2015-10-31|USD|183000000|706000000|523000000|166000000|-29000000|361000000|213000000|576000000||-7000000||7000000||-4000000|45000000|2000000|-40000000|-9000000|7000000|-31000000|-33000000|-29000000|-31000000|-31000000|INTU
2015-07-31|USD|520000000|696000000|176000000|176000000|-130000000|289000000|215000000|650000000||-6000000||6000000||-2000000|42000000|-6000000|-22000000|-36000000|6000000|-102000000|4000000|-130000000|-22000000|14000000|INTU
2015-04-30|USD|1127000000|2187000000|1060000000|202000000|1066000000|583000000|206000000|867000000||-7000000||7000000||1000000|40000000|6000000|905000000|404000000|7000000|656000000|503000000|1066000000|918000000|501000000|INTU
2015-01-31|USD|104000000|801000000|697000000|188000000|-89000000|494000000|188000000|650000000||-7000000||7000000||2000000|39000000|6000000|-100000000|-34000000|7000000|-60000000|-81000000|-89000000|-87000000|-66000000|INTU
2014-10-31|USD|89000000|665000000|576000000|159000000|-109000000|405000000|189000000|562000000||-7000000||7000000||0|36000000|6000000|-119000000|-35000000|7000000|-81000000|-89000000|-109000000|-106000000|-84000000|INTU
2014-07-31|USD|535000000|714000000|179000000|166000000|-55000000|376000000|166000000|538000000||-7000000||7000000||23000000|34000000|6000000|-47000000|-18000000|7000000|-28000000|-43000000|-55000000|-34000000|-29000000|INTU
2014-04-30|USD|1678000000|2380000000|702000000|158000000|1487000000|533000000|186000000|673000000||-8000000||8000000||3000000|35000000|5000000|1489000000|505000000|8000000|980000000|986000000|1487000000|1502000000|984000000|INTU
2014-01-31|USD|138000000|774000000|636000000|164000000|-55000000|461000000|186000000|602000000||-8000000||8000000||0|36000000|5000000|-54000000|-17000000|8000000|-42000000|-46000000|-55000000|-41000000|-37000000|INTU
2013-10-31|USD|91000000|614000000|523000000|133000000|-77000000|376000000|176000000|509000000||-8000000||8000000||5000000|39000000|10000000|-34000000|-23000000|8000000|-57000000|-12000000|-77000000|-16000000|-11000000|INTU
2013-07-31|USD|507000000|634000000|127000000|127000000|-60000000|297000000|144000000|567000000||-7000000||7000000||0|42000000|2000000|-46000000|-30000000|7000000|-46000000|-25000000|-60000000|-37000000|-16000000|INTU
2013-04-30|USD|1469000000|2170000000|701000000|145000000|1282000000|514000000|166000000|664000000||-8000000||8000000||4000000|42000000|5000000|1242000000|420000000|8000000|858000000|822000000|1282000000|1255000000|822000000|INTU
2013-01-31|USD|272000000|961000000|689000000|166000000|84000000|481000000|169000000|634000000||-7000000||7000000||1000000|42000000|6000000|84000000|13000000|7000000|65000000|71000000|84000000|97000000|71000000|INTU
2012-10-31|USD|108000000|639000000|531000000|139000000|-73000000|349000000|168000000|496000000||-8000000||8000000||2000000|40000000|5000000|-44000000|-25000000|8000000|-54000000|-15000000|-73000000|-31000000|-19000000|INTU
2012-07-31|USD|460000000|651000000|191000000|146000000|-47000000|272000000|128000000|468000000||-7000000||7000000||-3000000|41000000|2000000|-26000000|-30000000|7000000|-32000000|0|-47000000|-17000000|4000000|INTU
2012-04-30|USD|1264000000|1933000000|669000000|145000000|1282000000|467000000|163000000|664000000||-12000000||12000000||9000000|42000000|4000000|1194000000|372000000|12000000|858000000|754000000|1282000000|1210000000|822000000|INTU
2012-01-31|USD|354000000|1003000000|649000000|166000000|84000000|439000000|164000000|634000000||-16000000||16000000||3000000|44000000|4000000|133000000|62000000|16000000|65000000|118000000|84000000|153000000|71000000|INTU
2011-10-31|USD|79000000|579000000|500000000|139000000|-73000000|328000000|163000000|496000000||-15000000||15000000||11000000|44000000|4000000|-49000000|-30000000|15000000|-54000000|-70000000|-73000000|-30000000|-19000000|INTU
2011-07-31|USD|429000000|593000000|164000000|159000000|-58000000|293000000|88000000|472000000||-15000000||15000000||0|44000000|-29000000|-55000000|2000000|15000000|-56000000|-57000000|-58000000|-69000000|-57000000|INTU
2011-04-30|USD|1210000000|1833000000|623000000|154000000|1102000000|444000000|164000000|583000000||-15000000||15000000||6000000|42000000|15000000|1098000000|364000000|15000000|732000000|692000000|1102000000|1128000000|734000000|INTU
2011-01-31|USD|254000000|863000000|609000000|162000000|193000000|418000000|158000000|556000000||-15000000||15000000||6000000|41000000|16000000|147000000|29000000|15000000|119000000|72000000|193000000|178000000|118000000|INTU
2010-10-31|USD|37000000|517000000|480000000|123000000|-80000000|310000000|156000000|448000000||-15000000||15000000||8000000|37000000|15000000|-105000000|-41000000|15000000|-55000000|-69000000|-80000000|-75000000|-64000000|INTU
2010-07-31|USD|385000000|537000000|152000000|152000000|-64000000|291000000|138000000|449000000||-15000000||15000000||1000000|37000000|17000000|-62000000|-14000000|15000000|-48000000|-48000000|-64000000|-30000000|-48000000|INTU
2010-04-30|USD|1014000000|1592000000|578000000|162000000|1067000000|411000000|141000000|598000000||-15000000||15000000||5000000|36000000|15000000|990000000|302000000|15000000|692000000|579000000|1067000000|1020000000|688000000|INTU
2010-01-31|USD|268000000|822000000|554000000|175000000|122000000|365000000|144000000|560000000||-15000000||15000000||2000000|36000000|27000000|119000000|46000000|15000000|80000000|115000000|122000000|161000000|73000000|INTU
2009-10-31|USD|28000000|477000000|449000000|154000000|-94000000|263000000|141000000|455000000||-16000000||16000000||5000000|39000000|32000000|-112000000|-42000000|16000000|-64000000|-68000000|-94000000|-64000000|-70000000|INTU
2009-07-31|USD|264863000|475774000|210911000|156000000|-118000000|76581000|152000000|419000000||||15125000||10000000|44000000|85551000|-122000000|-51000000||-72000000|-66000000|-118000000|-10255000|-71000000|INTU
2009-04-30|USD|1276716000|1434408000|157692000|164000000|765000000|75335000|130000000|488000000||||12642000||6000000|36000000|63019000|759000000|274000000||485000000|496000000|765000000|843522000|485000000|INTU
2009-01-31|USD|612816000|790976000|178160000|168000000|111000000|71088000|140000000|494000000||||11686000||6000000|36000000|65361000|104000000|19000000||86000000|76000000|111000000|193656000|85000000|INTU
2008-10-31|USD|321058000|481379000|160321000|149000000|-75000000|65097000|136000000|388000000||||25610000||-1000000|33000000|60742000|-89000000|-37000000||-52000000|-59000000|-75000000|6311000|-52000000|INTU
