fiscalDateEnding|reportedCurrency|grossProfit|totalRevenue|costOfRevenue|costofGoodsAndServicesSold|operatingIncome|sellingGeneralAndAdministrative|researchAndDevelopment|operatingExpenses|investmentIncomeNet|netInterestIncome|interestIncome|interestExpense|nonInterestIncome|otherNonOperatingIncome|depreciation|depreciationAndAmortization|incomeBeforeTax|incomeTaxExpense|interestAndDebtExpense|netIncomeFromContinuingOperations|comprehensiveIncomeNetOfTax|ebit|ebitda|netIncome|ticker
2024-12-31|USD|1926000000|5273000000|5027000000|3500000000|403000000|1399000000||1523000000||-70000000|3000000|67000000|5273000000|||120000000|466000000|47000000||363000000|339000000|403000000|523000000|419000000|JCI
2024-09-30|USD|1416000000|2892000000|2836000000|1512000000|-159000000|807000000||1617000000||-87000000|2000000|85000000|2892000000|||110000000|645000000|12000000||185000000|720000000|-159000000|-49000000|633000000|JCI
2024-06-30|USD|2488000000|7249000000|5952000000|4743000000|1630000000|1090000000||858000000||-106000000|5000000|105000000|7249000000|||119000000|1202000000|227000000||1052000000|927000000|1630000000|1749000000|975000000|JCI
2024-03-31|USD|2181000000|6759000000|7124000000|4518000000|-1175000000|2251000000||3356000000||-99000000|5000000|100000000|6759000000|||125000000|-404000000|-127000000||-234000000|-347000000|-1175000000|-1050000000|-277000000|JCI
2023-12-31|USD|1778000000|6046000000|5746000000|3431000000|398000000|1334000000||1594000000||-110000000|5000000|91000000|6046000000|||122000000|373000000|-20000000||340000000|396000000|398000000|520000000|374000000|JCI
2023-09-30|USD|2208000000|7170000000|78000000|4698000000|-156000000|1476000000|320000000|78000000||-63000000|1000000|63000000|6951000000|||120000000|492000000|-57000000||397000000|464000000|-156000000|-36000000|549000000|JCI
2023-06-30|USD|2431000000|6991000000|6368000000|4702000000|765000000|1555000000||1666000000||-79000000|67000000|79000000|7070000000|78000000||111000000|720000000|-329000000|79000000|1122000000|1025000000|799000000|910000000|1049000000|JCI
2023-03-31|USD|2241000000|6624000000|6312000000|4445000000|374000000|1579000000||1867000000||-71000000|3000000|71000000|6695000000|50000000||104000000|182000000|49000000|71000000|174000000|151000000|253000000|357000000|133000000|JCI
2022-12-31|USD|2091000000|6080000000|5946000000|3977000000|176000000|1571000000||1915000000||-69000000|57000000|69000000|6149000000|62000000||104000000|132000000|14000000|69000000|156000000|165000000|201000000|305000000|118000000|JCI
2022-09-30|USD|2295000000|6596000000|6356000000|4430000000|128000000|1533000000|295000000|2167000000||-60000000|60000000|60000000|6789000000|71000000||101000000|558000000|-203000000|60000000|761000000|512000000|618000000|719000000|761000000|JCI
2022-06-30|USD|2200000000|6591000000|6226000000|4414000000|388000000|1589000000||1812000000||-54000000|2000000|54000000|6595000000|63000000||102000000|440000000|61000000|54000000|379000000|62000000|494000000|596000000|379000000|JCI
2022-03-31|USD|1957000000|6082000000|6085000000|4141000000|13000000|1454000000||1944000000||-56000000|1000000|56000000|6090000000|42000000||106000000|69000000|58000000|56000000|11000000|13000000|125000000|231000000|11000000|JCI
2021-12-31|USD|1891000000|5944000000|5507000000|3971000000|361000000|1369000000||1530000000||-55000000|2000000|55000000|5964000000|70000000||118000000|452000000|71000000|55000000|381000000|468000000|507000000|625000000|381000000|JCI
2021-09-30|USD|2191000000|6483000000|5731000000|4201000000|401000000|1344000000|275000000|1790000000||-52000000|47000000|52000000|6493000000|73000000||115000000|759000000|490000000|52000000|269000000|186000000|811000000|926000000|269000000|JCI
2021-06-30|USD|2197000000|6314000000|5742000000|4144000000|616500000|1367000000||1580500000||-55000000|1000000|55000000|6323000000|74000000||112000000|682000000|108000000|55000000|574000000|633000000|737000000|849000000|574000000|JCI
2021-03-31|USD|1943000000|5717000000|5158000000|3651000000|453500000|1253000000||1489500000||-53000000|3000000|53000000|5717000000|56000000||104000000|552000000|209000000|53000000|343000000|437000000|605000000|709000000|343000000|JCI
2020-12-31|USD|1728000000|5295000000|5011000000|3613000000|408500000|1294000000||1319500000||-59000000|3000000|59000000|5310000000|58000000||104000000|512000000|61000000|59000000|327000000|723000000|571000000|675000000|451000000|JCI
2020-09-30|USD|1975000000|5949000000|5530000000|3979000000|149000000|1453000000|274000000|1826000000||-58000000|54000000|58000000|5948000000|61000000||98000000|472000000|31000000|58000000|441000000|608000000|530000000|628000000|441000000|JCI
2020-06-30|USD|1832000000|5364000000|5592000000|3511000000|-249000000|1334000000||2081000000||-58000000|3000000|58000000|5370000000|47000000||95000000|-183000000|-1000000|58000000|-182000000|-104000000|-125000000|-30000000|-182000000|JCI
2020-03-31|USD|1801000000|5394000000|5315000000|3643000000|129000000|1451000000||1672000000||-62000000|5000000|62000000|5418000000|20000000||97000000|226000000|13000000|62000000|213000000|-268000000|288000000|385000000|213000000|JCI
2019-12-31|USD|1803000000|5614000000|5461000000|3773000000|191000000|1427000000||1612000000||-62000000|13000000|62000000|5631000000|43000000||96000000|224000000|65000000|62000000|159000000|414000000|286000000|382000000|159000000|JCI
2019-09-30|USD|1980000000|6239000000|6343000000|4294000000|-394000000|1960000000|319000000|2374000000||-66000000|40000000|66000000|6250000000|||89000000|-15000000|-627000000|66000000|612000000|381000000|51000000|140000000|612000000|JCI
2019-06-30|USD|2144000000|6359000000|6023000000|4307000000|428000000|1388000000|319000000|1716000000||-81000000|28000000|81000000|6375000000|62000000||93000000|4431000000|239000000|141000000|141000000|4097000000|4512000000|4605000000|4192000000|JCI
2019-03-31|USD|1844000000|5771000000|5491000000|3935000000|288000000|1458000000|319000000|1556000000||-97000000|91000000|97000000|5814000000|33000000||98000000|562000000|47000000|97000000|240000000|643000000|659000000|757000000|515000000|JCI
2018-12-31|USD|1725000000|10829000000|5274000000|3739000000|279000000|1438000000|319000000|1446000000||-91000000||91000000|5456000000|42000000||97000000|463000000|108000000|91000000|107000000|229000000|554000000|651000000|355000000|JCI
2018-09-30|USD|2057000000|8323000000|7542000000|4126000000|445000000|1392000000|310000000|2074000000||-109000000|-7000000|102000000|62000000|65000000||96000000|654000000|-117000000|109000000|592000000|633000000|756000000|852000000|771000000|JCI
2018-06-30|USD|2088000000|7976000000|7275000000|4194000000|845000000|1441000000|380000000|1627000000||-110000000|-4000000|106000000|-34000000|66000000||100000000|784000000|61000000|110000000|474000000|169000000|890000000|990000000|723000000|JCI
2018-03-31|USD|1824000000|7359000000|6937000000|3806000000|538000000|1490000000|380000000|1682000000||-104000000|-5000000|99000000|-12000000|44000000||94000000|474000000|36000000|104000000|184000000|598000000|573000000|667000000|438000000|JCI
2017-12-31|USD|1698000000|7441000000|6965000000|3607000000|570000000|1319000000|380000000|1485000000||-114000000|-12000000|102000000|120000000|60000000||94000000|447000000|217000000|114000000|-75000000|289000000|549000000|643000000|230000000|JCI
2017-09-30|USD|704000000|8094000000|7131000000|95000000|650000000|818000000|360000000|1854000000||-123000000|-20000000|103000000|81000000|63000000||106000000|627000000|-248000000|123000000|-107000000|1131000000|730000000|836000000|875000000|JCI
2017-06-30|USD|2431000000|7618000000|7018000000|5252000000|665000000|1609000000||1766000000||-115000000||115000000|50000000|69000000||108000000|644000000|89000000|115000000|555000000|813000000|759000000|867000000|555000000|JCI
2017-03-31|USD|2281000000|7156000000|6937000000|4986000000|427000000|1726000000||1854000000||-118000000||118000000|7000000|53000000||126000000|360000000|508000000|118000000|-148000000|98000000|478000000|604000000|-148000000|JCI
2016-12-31|USD|2114000000|6983000000|6785000000|4972000000|405000000|1570000000||1709000000||-110000000||110000000|7000000|55000000||149000000|302000000|-27000000|110000000|372000000|-332000000|412000000|561000000|329000000|JCI
2016-09-30|USD|1688000000|30319000000|23172000000|4566000000|381000000|1549000000|158000000|3297000000||-106000000|-16000000|90000000|112000000|631000000||71000000|-1176000000|-5000000|106000000|-113000000|-1150000000|-1086000000|-1015000000|-1171000000|JCI
2016-06-30|USD|1422000000|9516000000|1027000000|3732000000|702000000|895000000||944000000||-66000000||66000000|7000000|57000000||22000000|461000000|78000000|66000000|347000000|248000000|527000000|549000000|383000000|JCI
2016-03-31|USD|1287000000|9031000000|1044000000|3446000000|585000000|899000000||979000000||-65000000||65000000|-16000000|4000000||20000000|-489000000|41000000|65000000|218000000|-351000000|-424000000|-404000000|-530000000|JCI
2015-12-31|USD|1257000000|8929000000|1119000000|3439000000|551000000|847000000||867000000||-72000000||72000000|-7000000|-161000000||20000000|533000000|83000000|72000000|280000000|289000000|605000000|625000000|450000000|JCI
2015-09-30|USD|2278000000|8749000000|30246000000|9523000000|528000000|1266000000|733000000|1248000000||-213000000|-13000000|200000000|1407000000|-87000000||27000000|1063000000|-15000000|213000000|279000000|595000000|1263000000|1290000000|1078000000|JCI
2015-06-30|USD|777000000|2489000000|1712000000|1025000000|253000000|625000000||658000000|4000000|-26000000||26000000|29000000|6000000||24000000|205000000|49000000|26000000|188000000|184000000|231000000|255000000|156000000|JCI
2015-03-31|USD|750000000|2430000000|1680000000|999000000|221000000|648000000||681000000|4000000|-25000000||25000000|0|-1000000||21000000|185000000|18000000|25000000|183000000|-5000000|210000000|231000000|167000000|JCI
2014-12-31|USD|725000000|2478000000|1754000000|1022000000|199000000|652000000||732000000|3000000|-24000000||24000000|0|4000000||21000000|181000000|19000000|24000000|164000000|-31000000|205000000|226000000|162000000|JCI
2014-09-30|USD|3754000000|10979000000|9137000000|29339000000|548000000|2340000000|1144000000|1294000000||||181000000||||224000000|-469000000|243000000||532000000|-1359000000|-288000000|-265000000|-712000000|JCI
2014-06-30|USD|844000000|2660000000|1818000000|1104000000|297000000|671000000||715000000|4000000|-24000000||24000000||0||23000000|1505000000|55000000|24000000|435000000|1487000000|1529000000|1552000000|1450000000|JCI
2014-03-31|USD|801000000|2480000000|1686000000|1003000000|259000000|635000000||675000000|3000000|-25000000||25000000||-1000000||24000000|246000000|39000000|25000000|192000000|196000000|271000000|295000000|207000000|JCI
2013-12-31|USD|996000000|2493000000|1651000000|999000000|344000000|571000000||659000000|3000000|-24000000||24000000||-1000000||25000000|340000000|70000000|24000000|246000000|236000000|364000000|389000000|270000000|JCI
2013-09-30|USD|-13000000|2595000000|13000000|1029000000|238000000|709000000|558000000|13000000|3000000|-25000000||25000000||1000000||24000000|218000000|52000000|25000000|138000000|356000000|243000000|267000000|166000000|JCI
2013-06-30|USD|168000000|2537000000|2510000000|1000000000|162000000|712000000||841000000|6000000|-26000000||26000000||-1000000||24000000|158000000|23000000|26000000|112000000|5000000|184000000|208000000|135000000|JCI
2013-03-31|USD|119000000|2474000000|2489000000|983000000|95000000|766000000||841000000|4000000|-25000000||25000000||-20000000||26000000|70000000|-2000000|25000000|51000000|-25000000|95000000|121000000|72000000|JCI
2012-12-31|USD|239000000|2600000000|2361000000|1004000000|235000000|682000000||717000000|4000000|-24000000||24000000||-9000000||25000000|202000000|39000000|24000000|159000000|179000000|226000000|251000000|163000000|JCI
2012-09-30|USD|-717000000|2217000000|-1901000000|-993000000|46000000|657000000|1541000000|452000000|0|-27000000||33000000||-453000000||25000000|-153000000|266000000|480000000|-709000000|-335000000|-120000000|-95000000|-419000000|JCI
2012-06-30|USD|437000000|2655000000|4023000000|1685000000|118000000|829000000||1390000000|6000000|-63000000||59000000||1000000||26000000|240000000|-6000000|63000000|65000000|-36000000|299000000|325000000|246000000|JCI
2012-03-31|USD|553000000|2542000000|3801000000|1634000000|228000000|660000000||1185000000|6000000|-60000000||59000000||-4000000||26000000|356000000|33000000|60000000|134000000|524000000|415000000|441000000|323000000|JCI
2011-12-31|USD|504000000|2478000000|3704000000|1579000000|186000000|677000000||1219000000|7000000|-59000000||58000000||2000000||196000000|349000000|27000000|59000000|98000000|249000000|407000000|794000000|322000000|JCI
2011-09-30|USD|1780000000|4691000000|2911000000|-943000000|-636000000|-530000000|289000000|1967000000|8000000|-60000000||56000000||4000000||184000000|256000000|-144000000|60000000|392000000|-1381000000|312000000|903000000|400000000|JCI
2011-06-30|USD|1653000000|4292000000|2639000000|2640000000|475000000|1142000000|115000000|1232000000|8000000|-59000000||59000000||-3000000||193000000|417000000|58000000|59000000|363000000|359000000|476000000|512000000|359000000|JCI
2011-03-31|USD|1548000000|3992000000|2444000000|2444000000|437000000|1085000000|115000000|1160000000|9000000|-63000000||63000000||-6000000||185000000|372000000|57000000|63000000|319000000|315000000|435000000|706000000|315000000|JCI
2010-12-31|USD|1629000000|4379000000|2750000000|2750000000|706000000|1137000000|106000000|1199000000|9000000|-62000000||62000000||9000000||169000000|822000000|163000000|62000000|490000000|1198000000|884000000|702000000|659000000|JCI
2010-09-30|USD|1669000000|4493000000|2824000000|-508000000|-590000000|-434000000|146000000|1113000000|7000000|-63000000||58000000||-3000000||167000000|171000000|-95000000|150000000|273000000|532000000|229000000|771000000|266000000|JCI
2010-06-30|USD|1581000000|4274000000|2693000000|2693000000|375000000|1163000000|87000000|1234000000|7000000|-71000000||71000000||-85000000||300000000|228000000|-26000000|71000000|250000000|254000000|299000000|599000000|254000000|JCI
2010-03-31|USD|1491000000|4094000000|2603000000|2603000000|425000000|1094000000|88000000|1182000000|7000000|-74000000||75000000||3000000||282000000|363000000|53000000|74000000|306000000|310000000|438000000|720000000|310000000|JCI
2009-12-31|USD|1539000000|4155000000|2616000000|7172000000|353000000|1123000000|87000000|830000000||||35000000||||180000000|353000000|5000000||296000000||428000000|715000000|302000000|JCI
2009-09-30|USD|1581000000|4322000000|2741000000|2741000000|309000000|1177000000|117000000|761000000||||76000000||-18000000||298000000|229000000|24000000||201000000|333000000|305000000|603000000|205000000|JCI
2009-06-30|USD|1475000000|4152000000|2677000000|2677000000|334000000|1110000000|29000000|787000000||||74000000||1000000||276000000|311000000|24000000||244000000||385000000|661000000|287000000|JCI
2009-03-31|USD|1417000000|4068000000|2651000000|5633000000|-2554000000|1200000000|85000000|803000000||||78000000||7000000||284000000|-2627000000|-60000000||-2561000000||-2549000000|-2265000000|-2567000000|JCI
2008-12-31|USD|1539000000|4340000000|2801000000|6651000000|413000000|1140000000|105000000|859000000||||73000000||4000000||275000000|361000000|84000000||271000000||434000000|709000000|277000000|JCI
2008-09-30|USD|1424000000|4818000000|7883000000|7883000000|384000000|1219000000|102000000|850000000||||73000000||-18000000||300000000|511000000|77000000||231000000||584000000|884000000|434000000|JCI
2008-06-30|USD|1485000000|5215000000|8380000000|8380000000|577000000|1234000000|95000000|877000000||||91000000||-257000000||196000000|521000000|45000000||199000000||612000000|804000000|476000000|JCI
