fiscalDateEnding|reportedCurrency|grossProfit|totalRevenue|costOfRevenue|costofGoodsAndServicesSold|operatingIncome|sellingGeneralAndAdministrative|researchAndDevelopment|operatingExpenses|investmentIncomeNet|netInterestIncome|interestIncome|interestExpense|nonInterestIncome|otherNonOperatingIncome|depreciation|depreciationAndAmortization|incomeBeforeTax|incomeTaxExpense|interestAndDebtExpense|netIncomeFromContinuingOperations|comprehensiveIncomeNetOfTax|ebit|ebitda|netIncome|ticker
2024-12-31|USD|2037868000|2464760000|426892000|1035519000|366895000|272303000||679681000|24557000|-140174000|24557000|-501922000|1887952000|3847000|138500000|151284000|235554000|-41418000|164731000|322384000|275681000|366895000|-115084000|276972000|WYNN
2024-09-30|USD|1137574000|1568133000|430559000|977216000|133237000|271829000||826835000|30729000|-167922000|30729000|167922000|1687691000|21300000|142600000|156273000|-14953000|17100000|168031000|-5388000|-38675000|152969000|309242000|-32053000|WYNN
2024-06-30|USD|1181234000|1623924000|442690000|1155745000|269658000|264727000||722516000|34884000|-174596000|34884000|174596000|1748449000|8745000|162200000|176405000|119878000|7935000|174596000|146273000|109326000|294474000|470879000|111943000|WYNN
2024-03-31|USD|1267255000|1715839000|448584000|1034349000|362941000|271616000||732265000|40172000|-182404000|40172000|182404000|1843434000|-4722000|158100000|174933000|164230000|20014000|183965000|176498000|145640000|346634000|521567000|144216000|WYNN
2023-12-31|USD|1300418000|1759075000|458657000|1199643000|357725000|279484000||733660000|44931000|-184955000|44931000|184955000|1888813000|8315000|160000000|176527000|229748000|-499408000|184955000|773777000|726344000|414703000|591230000|729156000|WYNN
2023-09-30|USD|954281000|1489552000|535271000|1073200000|62595000|268445000||1003907000|46534000|-188571000|46534000|188571000|1624227000|3861000|156000000|171969000|-119427000|-2700000|185643000|-120541000|-118376000|69144000|241113000|-116678000|WYNN
2023-06-30|USD|1054797000|1483557000|428760000|923366000|250336000|257321000||696242000|44127000|-190243000|44127000|190243000|1616783000|6959000|154800000|169962000|109489000|4305000|193618000|127835000|102625000|299732000|469694000|105184000|WYNN
2023-03-31|USD|876289000|1309351000|433062000|819188000|169515000|259772000||692749000|40193000|-187740000|40193000|187740000|1434489000|-30614000|154100000|168812000|13350000|1018000|199976000|1146000|23211000|201090000|369902000|12332000|WYNN
2022-12-31|USD|465528000|877084000|411556000|672126000|99208000|232017000||329508000|18895000|-178620000|18895000|178620000|1006092000|31901000|160000000|172292000|38495000|6084000|178620000|-33545000|21619000|217115000|389407000|32411000|WYNN
2022-09-30|USD|392711000|772935000|380224000|565942000|-52991000|201275000||598563000|6892000|-165277000|6892000|165277000|895561000|-864000|161700000|172502000|-141502000|1390000|165277000|-207791000|-142333000|23775000|196277000|-142892000|WYNN
2022-06-30|USD|439041000|806889000|367848000|569590000|-52028000|200378000||595548000|2691000|-154830000|2691000|154830000|910394000|-10099000|154100000|162968000|-129333000|718000|154830000|-213422000|-129523000|25497000|188465000|-130051000|WYNN
2022-03-31|USD|439767000|853800000|414033000|618354000|-94865000|196780000||686821000|1280000|-152158000|1280000|152158000|960734000|-15127000|176300000|184556000|-182184000|1140000|152158000|-254610000|-180027000|-30026000|154530000|-183324000|WYNN
2021-12-31|USD|542295000|946308000|404013000|707917000|-105624000|221923000||680763000|1082000|-151961000|1082000|151961000|1047028000|-6602000|162100000|170424000|-179061000|-1871000|151961000|-256431000|-175305000|-27100000|143324000|-177190000|WYNN
2021-09-30|USD|516032000|891825000|375793000|687561000|-83664000|197350000||613671000|507000|-150325000|507000|150325000|995082000|-11784000|169700000|177110000|-165094000|1155000|151063000|-245983000|-168423000|-14769000|162341000|-166249000|WYNN
2021-06-30|USD|512642000|895989000|383347000|630195000|-29521000|197545000||620189000|720000|-150424000|720000|150424000|991085000|5553000|176100000|183307000|-130672000|697000|150424000|-173397000|-131577000|19752000|203059000|-131369000|WYNN
2021-03-31|USD|258240000|624762000|366522000|522009000|-175732000|179774000||608521000|904000|-152852000|904000|152852000|728870000|-11093000|177700000|185121000|-280485000|493000|154174000|-336179000|-278081000|-127633000|57488000|-280978000|WYNN
2020-12-31|USD|233231000|591671000|358440000|478585000|-178611000|173544000||610659000|1415000|-149287000|1415000|149287000|687214000|15541000|177200000|184004000|-268934000|568000|149287000|-310291000|-265000000|-119647000|64357000|-269502000|WYNN
2020-09-30|USD|-105563000|239696000|345259000|286707000|-283007000|160896000||573994000|2033000|-145142000|2033000|145142000|371988000|412000|177300000|183486000|-350777000|407365000|148281000|-831533000|-758132000|-205635000|-22149000|-758142000|WYNN
2020-06-30|USD|-355054000|16809000|333533000|240267000|-523016000|152081000||561999000|3983000|-133218000|3983000|133218000|81785000|2233000|172800000|179266000|-556626000|80938000|133837000|-734831000|-637525000|-423408000|-244142000|-637564000|WYNN
2020-03-31|USD|392761000|808386000|415625000|737660000|-247411000|234328000||678320000|7953000|-128827000|7953000|128827000|937213000|10335000|172300000|178746000|-326237000|75800000|129670000|-450253000|-401305000|-197410000|-18664000|-402037000|WYNN
2019-12-31|USD|1135322000|1543855000|408533000|1007123000|226578000|230682000||633916000|4470000|-113049000|4470000|113049000|1656904000|18505000|168500000|175054000|84477000|157419000|113290000|-17491000|-71921000|197526000|372580000|-72942000|WYNN
2019-09-30|USD|1097757000|1518813000|421056000|1036619000|177835000|246442000||644203000|6427000|-114652000|6427000|114652000|1633465000|-8703000|166500000|172998000|16231000|19727000|126848000|26910000|-4210000|130883000|303881000|-3496000|WYNN
2019-06-30|USD|1149503000|1561879000|412376000|1016729000|218716000|202224000||677824000|6265000|-93149000|6265000|93149000|1655028000|11715000|135600000|140269000|92551000|-2000000|93149000|142234000|95622000|185700000|325969000|94551000|WYNN
2019-03-31|USD|1175265000|1556857000|381592000|1006582000|255176000|217322000||626615000|7287000|-93180000|87402000|93180000|1650037000|-6358000|132300000|136557000|106557000|1685000|93180000|159731000|104231000|199737000|336294000|104872000|WYNN
2018-12-31|USD|324274000|1687586000|1363312000|990294000|246283000|215872000||630044000|8837000|-100717000||100717000|47307000|-5113000||138911000|92153000|-372713000|102744000|515510000|464999000|192870000|331781000|464866000|WYNN
2018-09-30|USD|357126000|1709072000|1351946000|1008447000|290983000|192327000||560168000|6948000|-93007000||93007000|-252000|11216000||137458000|152215000|-3900000|93205000|219772000|155970000|245222000|382680000|156115000|WYNN
2018-06-30|USD|333562000|1605424000|1271862000|939165000|279572000|183631000||528085000|6861000|-89898000||89898000|0|-957000||137870000|146054000|-9702000|89898000|205280000|155692000|235952000|373822000|155756000|WYNN
2018-03-31|USD|434035000|1715578000|1281543000|965256000|-81294000|169585000||962601000|7220000|-98227000||98227000|2329000|-9220000||136357000|-315352000|-111045000|95898000|-137478000|-195125000|-217125000|-80768000|-204307000|WYNN
2017-12-31|USD|267237000|1622164000|1351371000|1024396000|301419000|182850000||503664000|9195000|-96789000||96789000|26301000|-1869000||136880000|157657000|-334025000|109088000|543964000|490510000|254446000|391326000|491682000|WYNN
2017-09-30|USD|214785000|1551347000|1280896000|957500000|257327000|178504000||540681000|8447000|-95874000||95874000|-20776000|-1894000||137982000|79310000|-457000|116648000|105969000|80162000|175184000|313166000|79767000|WYNN
2017-06-30|USD|174270000|1472892000|1234682000|926069000|246889000|164169000||489652000|7080000|-97739000||97739000|-22570000|-11840000||137686000|77523000|2607000|120026000|106796000|73139000|175262000|312948000|74916000|WYNN
2017-03-31|USD|192986000|1423757000|1183661000|878100000|249930000|159962000||479004000|6471000|-98262000||98262000|-771000|-6106000||139820000|103706000|2890000|98262000|132525000|100041000|201968000|341788000|100816000|WYNN
2016-12-31|USD|1300433000|1375324000|1085678000|773929000|138894000|166987000||521186000|3596000|-95667000||95667000|36726000|334000||140543000|120783000|6983000|95667000|138894000|113262000|216450000|356993000|113800000|WYNN
2016-09-30|USD|54729000|1031321000|976592000|655141000|76931000|144206000||547587000|3678000|-79669000||79669000|1168000|899000||106467000|-17317000|120000|79669000|-19331000|-17512000|62352000|168819000|-17437000|WYNN
2016-06-30|USD|128729000|988071000|859342000|614139000|147539000|119505000||412821000|2783000|-69257000||69257000|-1036000|-1462000||79749000|67498000|-2893000|69257000|89442000|70561000|136755000|216504000|70391000|WYNN
2016-03-31|USD|152227000|951081000|798854000|569669000|158298000|117445000||371862000|3479000|-44772000||44772000|-1825000|-483000||77971000|79139000|3918000|44772000|105792000|76056000|123911000|201882000|75221000|WYNN
2015-12-31|USD|946902000|946902000|751743000|537105000|151860000|112247000||348078000|2574000|-73608000||73608000|-75694000|-240000||77201000|71031000|-16190000|199612000|151860000|86570000|144639000|221840000|87221000|WYNN
2015-09-30|USD|120543000|920919000|800376000|583621000|152774000|116639000||346757000|1465000|-74079000||74079000|-1287000|459000||80649000|103628000|7418000|74079000|90985000|95990000|177707000|258356000|96210000|WYNN
2015-06-30|USD|136542000|964108000|827566000|615071000|169121000|113707000||343104000|1498000|-75236000||75236000|-1114000|198000||81913000|69758000|13298000|75236000|77203000|56470000|144994000|226907000|56460000|WYNN
2015-03-31|USD|151344000|1009646000|858302000|637145000|185059000|122200000||365196000|1692000|-77983000||77983000|-4609000|1133000||82866000|-41404000|3197000|77983000|-13902000|-45153000|36579000|119445000|-44601000|WYNN
2014-12-31|USD|1137975000|1137975000|882304000|661035000|215530000|125833000||362846000|4369000|-78993000||78993000|75289000|223000||80082000|97303000|-12043000|88562000|215530000|109501000|176296000|256378000|109346000|WYNN
2014-09-30|USD|302834000|1293322000|990488000|777909000|332575000|126834000||343478000|5814000|-79048000||79048000|2360000|-801000||79027000|196294000|4888000|79048000|253006000|190642000|275342000|354369000|191406000|WYNN
2014-06-30|USD|294192000|1325645000|1031453000|819581000|341342000|128520000||421673000|5505000|-81765000||81765000|-4653000|693000||78351000|204670000|764000|81765000|258402000|204492000|286435000|364786000|203906000|WYNN
2014-03-31|USD|354158000|1439199000|1085041000|894032000|376831000|111277000||380480000|4753000|-75256000||75256000|842000|-297000||76659000|229505000|2609000|75256000|303043000|226511000|304761000|381420000|226896000|WYNN
2013-12-31|USD|1519897000|1519897000|1103019000|886580000|368441000|116472000||462123000|4118000|-76332000||76332000|88247000|471000||91990000|207549000|-6335000|90189000|368441000|213719000|283881000|375871000|213884000|WYNN
2013-09-30|USD|296320000|1313038000|1016718000|817661000|313978000|105026000||397774000|3215000|-73549000||73549000|-3525000|1123000||93325000|174739000|-7281000|73549000|248811000|182420000|248288000|341613000|182020000|WYNN
2013-06-30|USD|224537000|1245443000|1020906000|794873000|274024000|132381000||475784000|4158000|-73764000||73764000|-13066000|2097000||93218000|130909000|1124000|100342000|192716000|130081000|204673000|297891000|129785000|WYNN
2013-03-31|USD|314091000|1306421000|992330000|804451000|333648000|94909000||377532000|4222000|-75377000||75377000|3144000|1165000||92518000|197821000|-5142000|75377000|272144000|201168000|273198000|365716000|202963000|WYNN
2012-12-31|USD|1289084000|1289084000|983283000|756773000|257962000|120187000||470864000|4736000|-77742000||77742000|89401000|2076000||93057000|128155000|16782000|78402000|257962000|111925000|205897000|298954000|111373000|WYNN
2012-09-30|USD|227232000|1203750000|976518000|766459000|247092000|115785000||460263000|3759000|-75082000||75082000|-19663000|1249000||94274000|104409000|-7626000|94745000|165171000|113564000|179491000|273765000|112035000|WYNN
2012-06-30|USD|225264000|1181979000|956715000|763475000|264123000|99777000||384474000|2483000|-73874000||73874000|2646000|-1081000||93463000|133324000|-4740000|73874000|199293000|137853000|207198000|300661000|138064000|WYNN
2012-03-31|USD|275502000|1248893000|973391000|775036000|260099000|105950000||411582000|1565000|-62061000||62061000|-2544000|768000||92405000|140447000|-117000|66889000|198409000|142031000|202508000|294913000|140564000|WYNN
2011-12-31|USD|1343863000|1343863000|995125000|799462000|274806000|101545000||412035000|3015000|-55962000||55962000|75868000|2352000||94118000|159320000|-31153000|55962000|274806000|194180000|215282000|309400000|190473000|WYNN
2011-09-30|USD|305983000|1298304000|992321000|783864000|239845000|107935000||407374000|2663000|-57462000||57462000|4118000|-85000||100522000|131333000|4270000|57462000|185561000|123275000|188795000|289317000|127063000|WYNN
2011-06-30|USD|382041000|1367353000|985312000|791348000|213033000|91912000||486852000|1577000|-58231000||58231000|3135000|784000||102052000|127262000|5231000|58231000|155595000|122961000|185493000|287545000|122031000|WYNN
2011-03-31|USD|350340000|1260272000|909932000|720924000|280556000|87661000||377604000|399000|-58263000||58263000|4230000|917000||101347000|175910000|2106000|58263000|226937000|172906000|234173000|335520000|173804000|WYNN
2010-12-31|USD|1237188000|1237188000|933720000|727441000|230309000|105555000||837524000|686000|-59663000||59663000|4126000|671000||100299000|118680000|4438000|60286000|230309000|112231000|178343000|278642000|114242000|WYNN
2010-09-30|USD|200397000|1005949000|805552000|603096000|131949000|103030000||328223000|953000|-60341000||60341000|-64567000|-1141000||99341000|-24489000|9019000|124556000|-1942000|-30508000|35852000|135193000|-33508000|WYNN
2010-06-30|USD|205597000|1032643000|827046000|623350000|148146000|95668000||268973000|571000|-53598000||53598000|-4827000|431000||101353000|54326000|1921000|56750000|89032000|50454000|107924000|209277000|52405000|WYNN
2010-03-31|USD|317624000|908918000|591294000|591294000|114848000|87001000||200895000||||49261000||264000||104565000|32057000|5069000|||26394000|81318000|185883000|26988000|WYNN
2009-12-31|USD|270560000|809329000|538769000|538769000|45517000|101241000||225043000||||50524000||-17000||104441000|-27834000|-22613000||||22690000|127131000|-5221000|WYNN
2009-09-30|USD|276557000|773071000|496514000|496514000|79499000|88987000||196333000||||50140000||-3000||101907000|24381000|-9829000||||74521000|176428000|34210000|WYNN
2009-06-30|USD|266671000|723256000|456585000|456585000|82798000|81930000||189811000||||53689000||287000||102731000|45026000|19547000||||98715000|201446000|25479000|WYNN
2009-03-31|USD|242489000|739955000|497466000|497466000|27149000|1765000||215340000||||57032000||||101468000|-17920000|15894000||||27149000|128926000|-33814000|WYNN
