fiscalDateEnding|reportedCurrency|grossProfit|totalRevenue|costOfRevenue|costofGoodsAndServicesSold|operatingIncome|sellingGeneralAndAdministrative|researchAndDevelopment|operatingExpenses|investmentIncomeNet|netInterestIncome|interestIncome|interestExpense|nonInterestIncome|otherNonOperatingIncome|depreciation|depreciationAndAmortization|incomeBeforeTax|incomeTaxExpense|interestAndDebtExpense|netIncomeFromContinuingOperations|comprehensiveIncomeNetOfTax|ebit|ebitda|netIncome|ticker
2024-12-31|USD|353208000|549832000|196624000|81085000|64785000|45772000||288398000||-44192000||44192000|55028000|-949000||150852000|168401000|1755000|1468000|171074000|167065000|212593000|363445000|166646000|MAA
2024-09-30|USD|391676000|551126000|159450000|375548000|214961000|12728000||176715000||-42726000||42726000|0|-1678000||146722000|115865000|670000|1513000|118230000|115611000|158591000|305313000|115195000|MAA
2024-06-30|USD|388742000|546435000|157693000|368019000|213848000|12671000||174917000||-41265000||41265000|-23000|-19244000||145022000|102973000|1020000|-37306000|104662000|102441000|144238000|289260000|101953000|MAA
2024-03-31|USD|383557000|543622000|160065000|360817000|203497000|17045000||180062000||-40361000||40361000|-2000|23526000||143020000|145544000|1795000|40361000|143749000|144250000|185905000|328925000|143749000|MAA
2023-12-31|USD|359510000|542247000|182737000|332670000|159306000|41849000||200205000|2400000|-33979000|4600000|38579000|-1000|27219000||140888000|161624000|1148000|38579000|160476000|160956000|200203000|341091000|160476000|MAA
2023-09-30|USD|381816000|542042000|160226000|76563000|205292000|13524000||176599000|7100000|-36651000|53067000|36651000|-75000|-16493000||146702000|110523000|-209000|36651000|110732000|111002000|147174000|293876000|110732000|MAA
2023-06-30|USD|382292000|535146000|152854000|333305000|213347000|13882000||168946000|7500000|-36723000|25196000|36723000|-1000|16992000||138972000|148549000|2861000|36723000|145688000|145965000|185272000|324244000|145688000|MAA
2023-03-31|USD|374609000|529033000|154424000|321304000|202257000|15923000||172337000|-900000|-37281000|33652000|37281000|15000|3467000||138501000|136854000|944000|37281000|135910000|136171000|174135000|312636000|135910000|MAA
2022-12-31|USD|350586000|527965000|177379000|319411000|156173000|39142000||111614000|100000|-38084000|53613000|38084000|82799000|-23465000||138237000|193163000|-458000|38084000|193621000|193890000|231247000|369484000|193621000|MAA
2022-09-30|USD|371716000|520783000|149067000|328302000|206387000|12188000||165330000|-6800000|-38637000|45532000|38637000|-1000|-1718000||136879000|121055000|-1256000|38637000|122311000|122581000|159692000|296571000|122311000|MAA
2022-06-30|USD|345316000|495040000|149724000|315821000|179962000|15580000||33389000|-1800000|-38905000|77229000|38905000|131965000|-28325000||134144000|207650000|-3052000|38905000|210702000|210971000|246555000|380699000|210702000|MAA
2022-03-31|USD|326017000|476078000|150061000|303158000|159419000|16323000||166599000|-1500000|-39121000|35302000|39121000|-1000|10795000||133738000|109360000|-1442000|39121000|110802000|111074000|148481000|282219000|110802000|MAA
2021-12-31|USD|290059000|463575000|173516000|302593000|101333000|38021000||102813000||12692000|51800000|39108000|85913000|19345000||135495000|193431000|7790000|39108000|185641000|185893000|232539000|368034000|185641000|MAA
2021-09-30|USD|305294000|452575000|147281000|307449000|144182000|12670000||161425000||-39234000|17817000|39234000|-313000|10344000||134611000|87282000|2803000|39234000|84479000|84727000|126516000|261127000|84479000|MAA
2021-06-30|USD|291989000|436927000|144938000|300585000|133299000|13114000||23862000||-38867000|20737000|38867000|134828000|20126000||131824000|218523000|2045000|38867000|216478000|216705000|257390000|389214000|216478000|MAA
2021-03-31|USD|280523000|425005000|144482000|293971000|123102000|12979000||157421000||-39672000|53496000|39672000|0|-15913000||131503000|48192000|999000|39672000|47193000|47462000|87864000|219367000|47193000|MAA
2020-12-31|USD|258499000|423661000|165162000|289599000|80101000|35577000||178382000||-40952000|23115000|40952000|16000|18504000||129585000|84137000|795000|40952000|83342000|83610000|125089000|254674000|83342000|MAA
2020-09-30|USD|284160000|423199000|139039000|297493000|132430000|11360000||151710000||-41010000|39768000|41010000|20000|242000||127679000|60575000|665000|41010000|59910000|60179000|101585000|229264000|59910000|MAA
2020-06-30|USD|275279000|413026000|137747000|284661000|125802000|10557000||149475000||-42118000|26163000|42118000|2000|14643000||127190000|76262000|1200000|42118000|75062000|75331000|118380000|245570000|75062000|MAA
2020-03-31|USD|278446000|418098000|139652000|279560000|124151000|13264000||154324000||-43482000|71197000|43482000|-29000|-28532000||126388000|37315000|667000|43482000|36648000|36892000|80797000|207185000|36648000|MAA
2019-12-31|USD|259706000|416817000|157111000|275213000|88779000|31685000||90926000||-43698000|45404000|43698000|80001000|-495000||125426000|150475000|886000|43698000|149589000|151281000|194173000|319599000|149589000|MAA
2019-09-30|USD|279463000|415632000|136169000|284223000|129395000|11485000||149068000||-44513000|28991000|44513000|1000000|18800000||124684000|80136000|1491000|44513000|78645000|72867000|124649000|249333000|78645000|MAA
2019-06-30|USD|272848000|407390000|134542000|278086000|124852000|10598000||147996000||-45936000|41342000|45936000|0|4575000||123944000|62599000|682000|45936000|61917000|56125000|108535000|232479000|61917000|MAA
2019-03-31|USD|266052000|401178000|135126000|272166000|117084000|12337000||148981000||-45700000|46224000|45700000|-13000|119000||122789000|64301000|641000|45700000|63660000|60572000|110001000|232790000|63660000|MAA
2018-12-31|USD|-803854000|398148000|-369344000|268255000|-398931000|7377000||-404944000||-44454000||44454000|-18000|3438000||121541000|62067000|785000|44454000|-227817000|49514000|106521000|228062000|61282000|MAA
2018-09-30|USD|264301000|397108000|132807000|279289000|120191000|6380000||144133000||-44650000||44650000|-23000|374000||124549000|53407000|616000|44650000|52791000|56361000|98057000|222606000|52791000|MAA
2018-06-30|USD|255111000|390073000|134962000|271655000|108753000|9211000||146356000||-43585000||43585000|2000|8032000||122925000|60377000|570000|43585000|59807000|64793000|103962000|226887000|59807000|MAA
2018-03-31|USD|251342000|386017000|134675000|265148000|103787000|10132000||147555000||-40905000||40905000|0|-2341000||120744000|49659000|640000|40905000|49019000|49629000|90564000|211308000|49019000|MAA
2013-12-31|USD|-192920000|239607000|-205332000|184075000|-120573000|-1104000||-305479000||||30258000||||89796000|-15410000|224000||-16065000|113822000|-120573000|42551000|110007000|MAA
2013-09-30|USD|62328000|133896000|74112000|37101000|31413000|3976000||108288000||-14941000||14941000|125304000|-962000||32477000|16559000|-27725000|15159000|15516000|46021000|31413000|63890000|44284000|MAA
2013-06-30|USD|62139000|136436000|71973000|35365000|31583000|3389000||105142000||-15271000||15271000|123204000|||33211000|16957000|-42132000|15271000|17232000|74619000|31583000|64794000|59089000|MAA
2013-03-31|USD|62124000|130244000|71243000|34561000|37591000|3239000||105334000||-15716000||15716000|122542000|||32676000|21951000|771000|15885000|20304000|25368000|37591000|70267000|21180000|MAA
2012-12-31|USD|131394000|144171000|79249000|33667000|41541000|12126000||15773000||-15773000||15773000|124540000|||36435000|22307000|-22307000|15773000|16626000|26720000|41541000|77976000|22307000|MAA
2012-09-30|USD|55259000|120679000|71851000|34997000|29514000|3527000||102968000||-14698000|-168000|14530000|117041000|||30473000|30866000|-30866000|14698000|13812000|31290000|29514000|59987000|30866000|MAA
2012-06-30|USD|54349000|116029000|69573000|33697000|29258000|3462000||91166000||-14270000|-197000|14073000|122806000|||29510000|16458000|-11702000|14285000|13852000|29069000|29258000|58768000|28160000|MAA
2012-03-31|USD|53658000|113307000|65973000|32517000|29080000|3447000||98238000||-14350000|-240000|14110000|109661000|||28982000|15851000|-8039000|14330000|13789000|27936000|29080000|58062000|23890000|MAA
2011-12-31|USD|117575000|114071000|76034000|31635000|26230000|12778000||15022000||-15022000|-288000|14734000|107014000|||29767000|18758000|-18758000|15022000|4635000|24494000|26230000|55997000|18758000|MAA
2011-09-30|USD|48941000|105971000|66886000|32955000|23872000|3996000||99807000||-15487000|-304000|15183000|105850000|-786000||26963000|13791000|-13791000|15550000|6027000|14475000|23872000|50835000|13791000|MAA
2011-06-30|USD|72184000|109092000|38305000|30639000|22526000|5439000||95070000||-14149000|-304000|13845000|100876000|-819000|28021000|26924000|7669000|241000|14197000|7669000|6799000|22526000|49450000|7428000|MAA
2011-03-31|USD|71927000|105366000|35411000|29867000|23512000|4610000||91941000||-13990000|-337000|13653000|97881000|-731000|27741000|26860000|9155000|311000|13990000|9155000|16052000|23512000|50372000|8844000|MAA
2010-12-31|USD|103431000|83882000|34369000|29123000|17265000|3476000||14488000||-14488000||14488000|95348000||26599000|22290000|6940000|-6940000|14488000|6940000|18679000|17265000|39555000|6940000|MAA
2010-09-30|USD|67217000|100881000|34167000|29222000|21174000|2957000||88161000||-13598000|-26000|13572000|92842000||26466000|74851000|6749000|-6749000|13598000|3544000|2696000|21174000|96025000|6749000|MAA
2010-06-30|USD|65417000|97832000|33484000|27650000|22958000|3110000||84698000||-13993000|-25000|13968000|91049000||24811000|648000|6660000|-6660000|13993000|1385000|6660000|22958000|23606000|6660000|MAA
