fiscalDateEnding|reportedCurrency|grossProfit|totalRevenue|costOfRevenue|costofGoodsAndServicesSold|operatingIncome|sellingGeneralAndAdministrative|researchAndDevelopment|operatingExpenses|investmentIncomeNet|netInterestIncome|interestIncome|interestExpense|nonInterestIncome|otherNonOperatingIncome|depreciation|depreciationAndAmortization|incomeBeforeTax|incomeTaxExpense|interestAndDebtExpense|netIncomeFromContinuingOperations|comprehensiveIncomeNetOfTax|ebit|ebitda|netIncome|ticker
2024-12-31|USD|2277000000|4522000000|3994000000|1793000000|63000000|1297000000||2248000000||-247000000||247000000|4054000000|32000000|112000000|73000000|-154000000|-10000000|11000000|-144000000|-434000000|63000000|136000000|-144000000|KDP
2024-09-30|USD|2140000000|3786000000|3062000000|1751000000|902000000|1245000000||1311000000||-106000000||106000000|3891000000|6000000|103000000|66000000|802000000|186000000|8000000|616000000|553000000|902000000|968000000|616000000|KDP
2024-06-30|USD|2172000000|3718000000|3109000000|1750000000|861000000|1295000000||1359000000||-204000000||204000000|3922000000|15000000|106000000|64000000|672000000|157000000|7000000|515000000|335000000|861000000|925000000|515000000|KDP
2024-03-31|USD|1940000000|3267000000|2817000000|1528000000|765000000|1176000000||1276000000||-178000000|-171000000|7000000|3459000000|7000000|101000000|99000000|594000000|140000000|7000000|454000000|396000000|765000000|700000000|454000000|KDP
2023-12-31|USD|2184000000|3791000000|3095000000|1683000000|943000000|1258000000|66000000|1464000000||-64000000|414000000|478000000|3874000000|20000000|103000000|100000000|899000000|206000000|478000000|693000000|837000000|943000000|1477000000|693000000|KDP
2023-09-30|USD|2111000000|3568000000|2968000000|1694000000|896000000|1217000000||1274000000||-237000000|-231000000|6000000|3805000000|5000000|98000000|55000000|664000000|146000000|6000000|518000000|392000000|896000000|725000000|518000000|KDP
2023-06-30|USD|2041000000|3617000000|3072000000|1748000000|769000000|1272000000||1324000000||-172000000|-166000000|6000000|3789000000|16000000|94000000|52000000|613000000|110000000|6000000|503000000|645000000|769000000|671000000|503000000|KDP
2023-03-31|USD|1744000000|3327000000|2885000000|1609000000|584000000|1165000000||1261000000||-23000000|-17000000|6000000|3360000000|20000000|107000000|101000000|581000000|114000000|6000000|467000000|493000000|584000000|688000000|467000000|KDP
2022-12-31|USD|1996000000|3694000000|3335000000|1807000000|673000000|1227000000|65000000|1531000000||-123000000|553000000|676000000|3841000000|8000000|98000000|100000000|558000000|105000000|676000000|453000000|591000000|673000000|1334000000|453000000|KDP
2022-09-30|USD|1901000000|3416000000|3280000000|1721000000|394000000|1196000000||1559000000||-207000000|-201000000|6000000|3622000000|-4000000|96000000|52000000|184000000|4000000|6000000|179000000|-35000000|394000000|242000000|180000000|KDP
2022-06-30|USD|1776000000|3210000000|3035000000|1778000000|572000000|1204000000||1257000000||-175000000|-170000000|5000000|3385000000|-9000000|99000000|53000000|213000000|-5000000|174000000|218000000|208000000|572000000|271000000|218000000|KDP
2022-03-31|USD|1650000000|2929000000|2552000000|1428000000|966000000|1018000000||737000000||-188000000|-182000000|6000000|3129000000|-9000000|106000000|94000000|765000000|180000000|54000000|585000000|826000000|966000000|865000000|585000000|KDP
2021-12-31|USD|1772000000|3938000000|3063000000|1619000000|725000000|1113000000|66000000|1424000000||-137000000|351000000|488000000|3977000000|-4000000|106000000|97000000|1109000000|266000000|506000000|845000000|811000000|725000000|1694000000|843000000|KDP
2021-09-30|USD|1835000000|3134000000|2504000000|1415000000|795000000|1040000000||1089000000||-116000000|-111000000|5000000|3250000000|-1000000|98000000|49000000|679000000|149000000|5000000|529000000|407000000|795000000|733000000|530000000|KDP
2021-06-30|USD|1770000000|3016000000|2460000000|1370000000|734000000|1039000000||1090000000||-125000000|-121000000|4000000|3140000000|4000000|104000000|51000000|613000000|165000000|4000000|448000000|412000000|734000000|668000000|448000000|KDP
2021-03-31|USD|1600000000|2649000000|2368000000|1302000000|640000000|961000000||1047000000||-140000000|-137000000|3000000|2808000000|3000000|102000000|86000000|398000000|73000000|108000000|325000000|412000000|640000000|487000000|325000000|KDP
2020-12-31|USD|1768000000|2975000000|2420000000|1353000000|700000000|1000000000|69000000|1067000000||-146000000|448000000|594000000|3121000000|4000000|90000000|86000000|558000000|130000000|146000000|428000000|722000000|700000000|1238000000|428000000|KDP
2020-09-30|USD|1704000000|2872000000|2349000000|1316000000|753000000|949000000||1033000000||-148000000|-145000000|3000000|3020000000|-5000000|89000000|46000000|584000000|141000000|3000000|443000000|554000000|753000000|633000000|443000000|KDP
2020-06-30|USD|1562000000|2705000000|2399000000|1302000000|561000000|1001000000||1097000000||-157000000|-154000000|3000000|2862000000|4000000|85000000|44000000|406000000|108000000|5000000|298000000|450000000|561000000|453000000|298000000|KDP
2020-03-31|USD|1452000000|2472000000|2345000000|1161000000|466000000|1028000000||1144000000||-153000000|136000000|153000000|2632000000|-20000000|98000000|65000000|205000000|49000000|2000000|141000000|-428000000|466000000|423000000|156000000|KDP
2019-12-31|USD|1693000000|2775000000|2252000000|1241000000|713000000|1011000000|81000000|1011000000||-157000000|159000000|157000000|2932000000|-4000000|87000000|-13000000|550000000|144000000|2000000|406000000|537000000|707000000|694000000|406000000|KDP
2019-09-30|USD|1625000000|2712000000|2375000000|1245000000|580000000|1012000000||1130000000||-158000000|168000000|158000000|2870000000|-9000000|99000000|31000000|413000000|109000000|158000000|304000000|226000000|571000000|602000000|304000000|KDP
2019-06-30|USD|1626000000|2642000000|2286000000|1186000000|587000000|1028000000||1100000000||-170000000|170000000|170000000|2812000000|-1000000|87000000|32000000|416000000|102000000|170000000|314000000|402000000|586000000|618000000|314000000|KDP
2019-03-31|USD|1398000000|2328000000|2201000000|1106000000|498000000|911000000||1086000000||-169000000|175000000|169000000|2506000000|-5000000|85000000|109000000|315000000|85000000|178000000|230000000|323000000|484000000|593000000|230000000|KDP
2018-12-31|USD|1545000000|2633000000|2254000000|1268000000|547000000|986000000|64000000|986000000||-180000000||180000000|2813000000|-9000000|83000000|116000000|358000000|92000000|0|266000000|-1000000|538000000|654000000|266000000|KDP
2018-09-30|USD|1365000000|2705000000|2570000000|1367000000|345000000|1028000000||1199000000||-172000000||172000000|2754000000|33000000|84000000|31000000|195000000|46000000|183000000|148000000|226000000|367000000|398000000|149000000|KDP
2018-06-30|USD|491000000|1843000000|1539000000|458000000|167000000|321000000||749000000|0|-51000000|-8000000|43000000|0|8000000|34000000|28000000|96000000|13000000|43000000|238000000|218000000|139000000|167000000|83000000|KDP
2018-03-31|USD|481000000|1554000000|1334000000|467000000|178000000|300000000|17000000|653000000|1000000|2000000|43000000|41000000|946000000|-13000000|32000000|27000000|139000000|51000000|41000000|165000000|178000000|180000000|207000000|88000000|KDP
2017-12-31|USD|527000000|1168000000|1028000000|643000000|229000000|298000000|16000000|382000000|0|-10000000||10000000|1185000000|-7000000|33000000|26000000|175000000|-437000000|15000000|509000000|605000000|185000000|211000000|612000000|KDP
2017-09-30|USD|560000000|1688000000|1374000000|580000000|238000000|323000000||667000000|1000000|-28000000||28000000|-13000000|-20000000|11000000|26000000|162000000|46000000|53000000|203000000|212000000|190000000|216000000|116000000|KDP
2017-06-30|USD|449000000|1705000000|1426000000|499000000|173000000|276000000||708000000|1000000|-59000000|-15000000|44000000|-49000000|0|49000000|25000000|88000000|28000000|93000000|189000000|201000000|132000000|157000000|60000000|KDP
2017-03-31|USD|489000000|1471000000|1253000000|479000000|222000000|266000000||646000000|1000000|11000000|51000000|40000000|916000000|-68000000|49000000|25000000|87000000|28000000|40000000|177000000|200000000|127000000|152000000|59000000|KDP
2016-12-31|USD|546000000|1578000000|949000000|667000000|264000000|282000000|-10000000|282000000|1000000|-47000000|-22000000|25000000|1182000000|44000000|49000000|25000000|225000000|82000000|56000000|166000000|149000000|250000000|275000000|143000000|KDP
2016-09-30|USD|997000000|1648000000|1310000000|-52000000|373000000|603000000||627000000|1000000|-32000000|1000000|33000000|0|2000000|47000000|24000000|342000000|102000000|33000000|241000000|229000000|375000000|399000000|240000000|KDP
2016-06-30|USD|1025000000|1663000000|1284000000|670000000|412000000|590000000|19000000|614000000|1000000|-32000000|1000000|33000000|0|22000000|47000000|24000000|402000000|142000000|33000000|260000000|245000000|435000000|459000000|260000000|KDP
2016-03-31|USD|885000000|1454000000|1174000000|602000000|313000000|546000000|38000000|572000000|0|-33000000||33000000||1000000|48000000|26000000|281000000|99000000|33000000|182000000|190000000|314000000|340000000|182000000|KDP
2015-12-31|USD|936000000|1546000000|2032000000|1416000000|322000000|583000000|19000000|635000000|1000000|-33000000||34000000||2000000|49000000|26000000|291000000|106000000|34000000|185000000|180000000|325000000|351000000|185000000|KDP
2015-09-30|USD|957000000|1602000000|1291000000|673000000|337000000|592000000|84700000|618000000|0|-28000000||28000000||-1000000|47000000|26000000|308000000|106000000|28000000|202000000|161000000|336000000|362000000|202000000|KDP
2015-06-30|USD|981000000|1628000000|1286000000|674000000|369000000|586000000|18000000|612000000|1000000|-27000000||28000000||-1000000|48000000|26000000|341000000|121000000|28000000|220000000|233000000|369000000|395000000|220000000|KDP
2015-03-31|USD|849000000|1419000000|1181000000|602000000|270000000|552000000|36000000|579000000|0|-27000000||27000000|-5000000|1000000|48000000|27000000|244000000|87000000|27000000|157000000|132000000|271000000|298000000|157000000|KDP
2014-12-31|USD|895000000|1509000000|2052000000|1416000000|256000000|607000000|18000000|654000000|1000000|-28000000||29000000|-27000000|2000000|51000000|29000000|230000000|80000000|29000000|150000000|112000000|259000000|288000000|150000000|KDP
2014-09-30|USD|925000000|1547000000|1267000000|658000000|316000000|581000000|76500000|609000000|0|-27000000||27000000|-9000000|-4000000|49000000|28000000|285000000|97000000|27000000|188000000|174000000|312000000|340000000|188000000|KDP
2014-06-30|USD|966000000|1604000000|1286000000|665000000|348000000|592000000|15000000|621000000|0|-27000000||27000000|0|1000000|49000000|29000000|323000000|113000000|27000000|209000000|216000000|350000000|379000000|210000000|KDP
2014-03-31|USD|844000000|1384000000|1137000000|554000000|260000000|554000000|27700000|598000000|1000000|-25000000||26000000|11000000|1000000|50000000|29000000|236000000|81000000|26000000|155000000|152000000|262000000|291000000|155000000|KDP
2013-12-31|USD|880000000|1463000000|1922000000|1359000000|264000000|527000000|42700000|689000000|1000000|-28000000||29000000|-6000000|1000000|50000000|29000000|237000000|81000000|29000000|156000000|171000000|266000000|295000000|156000000|KDP
2013-09-30|USD|893000000|1512000000|1249000000|650000000|300000000|563000000|57700000|630000000|0|-29000000||29000000|-2000000|-428000000|49000000|28000000|-157000000|-364000000|29000000|207000000|208000000|-128000000|-100000000|207000000|KDP
2013-06-30|USD|935000000|1573000000|1326000000|676000000|285000000|619000000|26700000|689000000|1000000|-30000000||31000000|-8000000|41000000|49000000|29000000|297000000|142000000|31000000|154000000|148000000|328000000|357000000|155000000|KDP
2013-03-31|USD|790000000|1346000000|1182000000|590000000|197000000|563000000|26700000|635000000|0|-34000000||34000000|-7000000|3000000|48000000|29000000|166000000|60000000|34000000|106000000|119000000|200000000|229000000|106000000|KDP
2012-12-31|USD|879000000|1484000000|1964000000|1380000000|292000000|555000000|26700000|722000000|1000000|-30000000||31000000|1000000|1000000|49000000|29000000|263000000|93000000|31000000|170000000|158000000|294000000|323000000|170000000|KDP
2012-09-30|USD|902000000|1497000000|1216000000|626000000|308000000|561000000|41700000|628000000|0|-31000000||31000000|14000000|4000000|47000000|29000000|281000000|102000000|31000000|179000000|186000000|312000000|341000000|179000000|KDP
2012-06-30|USD|936000000|1591000000|1319000000|685000000|300000000|599000000|2700000|675000000|1000000|-30000000||31000000|-12000000|1000000|56000000|35000000|271000000|93000000|31000000|178000000|159000000|302000000|337000000|178000000|KDP
2012-03-31|USD|778000000|1330000000|1168000000|584000000|192000000|553000000|2700000|624000000|0|-32000000||32000000|4000000|3000000|51000000|31000000|163000000|61000000|32000000|102000000|126000000|195000000|226000000|102000000|KDP
2011-12-31|USD|857000000|1461000000|1185000000|604000000|271000000|553000000|2700000|733000000|1000000|-28000000||29000000|-9000000|3000000|50000000|31000000|246000000|80000000|29000000|166000000|153000000|275000000|306000000|166000000|KDP
2011-09-30|USD|857000000|1500000000|1265000000|672000000|261000000|559000000|17700000|630000000|1000000|-29000000||30000000|-4000000|4000000|50000000|31000000|236000000|82000000|30000000|154000000|79000000|266000000|297000000|154000000|KDP
2011-06-30|USD|920000000|1554000000|1291000000|662000000|290000000|598000000|3500000|666000000|0|-28000000||28000000||3000000|49000000|31000000|266000000|94000000|28000000|171000000|176000000|294000000|325000000|172000000|KDP
2011-03-31|USD|784000000|1305000000|1127000000|547000000|202000000|547000000|3500000|615000000|1000000|-26000000||27000000||2000000|49000000|33000000|178000000|64000000|27000000|114000000|116000000|205000000|238000000|114000000|KDP
2010-12-31|USD|858000000|1412000000|1138000000|554000000|268000000|551000000|3500000|825000000|1000000|-33000000||34000000|-83000000|14000000|48000000|32000000|149000000|37000000|134000000|112000000|124000000|183000000|215000000|112000000|KDP
2010-09-30|USD|857000000|1488000000|1197000000|600000000|260000000|564000000|12500000|636000000|0|-31000000||31000000||2000000|47000000|32000000|231000000|87000000|31000000|144000000|160000000|262000000|294000000|144000000|KDP
2010-06-30|USD|926000000|1542000000|1215000000|593000000|310000000|587000000||658000000|1000000|-28000000||29000000||2000000|46000000|32000000|285000000|102000000|29000000|182000000|168000000|314000000|346000000|183000000|KDP
2010-03-31|USD|752000000|1214000000|1058000000|496000000|187000000|531000000||596000000|1000000|-33000000||34000000||3000000|44000000|31000000|157000000|68000000|34000000|89000000|107000000|191000000|222000000|89000000|KDP
2009-12-31|USD|828000000|1356000000|528000000|528000000|251000000|539000000||577000000||-394000000||85000000||-3000000|46000000|33000000|164000000|50000000||114000000||249000000|282000000|114000000|KDP
2009-09-30|USD|855000000|1434000000|579000000|579000000|272000000|547000000|6100000|583000000||50000000||51000000||20000000|42000000|29000000|243000000|92000000||150000000||294000000|323000000|151000000|KDP
2009-06-30|USD|885000000|1481000000|596000000|596000000|297000000|550000000||588000000||51000000||52000000||2000000|40000000|28000000|249000000|91000000||157000000|184000000|301000000|329000000|158000000|KDP
2009-03-31|USD|729000000|1260000000|531000000|531000000|265000000|499000000||464000000||||55000000||3000000|39000000|27000000|214000000|82000000||132000000||269000000|296000000|132000000|KDP
