fiscalDateEnding|reportedCurrency|grossProfit|totalRevenue|costOfRevenue|costofGoodsAndServicesSold|operatingIncome|sellingGeneralAndAdministrative|researchAndDevelopment|operatingExpenses|investmentIncomeNet|netInterestIncome|interestIncome|interestExpense|nonInterestIncome|otherNonOperatingIncome|depreciation|depreciationAndAmortization|incomeBeforeTax|incomeTaxExpense|interestAndDebtExpense|netIncomeFromContinuingOperations|comprehensiveIncomeNetOfTax|ebit|ebitda|netIncome|ticker
2024-09-30|USD|1872400000|4680200000|2807800000|2366900000|845900000|406000000||440900000|4300000|-133900000|4300000|138200000|4073800000|10300000||17800000|646300000|80600000|140600000|565900000|556200000|845900000|863700000|565700000|RSG
2024-06-30|USD|1840600000|4663200000|2822600000|2382600000|813800000|407600000||440000000|1600000|-126700000|1600000|128300000|4048000000|700000||18700000|653600000|142100000|128300000|511900000|507700000|813800000|832500000|511500000|RSG
2024-03-31|USD|1669700000|4439200000|2769500000|2283200000|732800000|414000000||493600000|1500000|-139300000|1500000|139300000|3861700000|12600000||17800000|599000000|145200000|139300000|453700000|460600000|738300000|756100000|453800000|RSG
2023-12-31|USD|1581500000|4396000000|2814500000|2264200000|701000000|431400000||564900000|1500000|-129400000|1500000|129400000|3831600000|4300000||34500000|482781000|43200000|129400000|439700000|430000000|612181000|646681000|439581000|RSG
2023-09-30|USD|1696900000|4414200000|2717300000|2284300000|727800000|402100000||433000000|2000000|-127600000|122800000|127600000|3825900000|1300000||17300000|606169000|126000000|127600000|480300000|484400000|733769000|751069000|480200000|RSG
2023-06-30|USD|1650200000|4321400000|2671000000|2224400000|707200000|396000000||446600000|1600000|-124400000|1600000|124400000|3725900000|-600000||15000000|580000000|152600000|124400000|427600000|430000000|704400000|1086400000|427400000|RSG
2023-03-31|USD|1521500000|4147200000|2625700000|2169500000|644100000|379200000||464000000|1400000|-126700000|124300000|126700000|3580900000|2500000||15100000|522100000|138200000|126900000|383900000|386700000|648800000|1027700000|383900000|RSG
2022-12-31|USD|1484300000|4068200000|2584200000|2181400000|577200000|395300000||413300000|1300000|-112900000|207900000|112900000|3529800000|4200000||30500000|373150000|26400000|112900000|347000000|345300000|486050000|853300000|346750000|RSG
2022-09-30|USD|1559700000|4153300000|2593500000|2194200000|664300000|361000000||401100000|800000|-105200000|156200000|105200000|3597800000|-300000||14700000|507824000|90900000|105200000|416900000|419900000|613024000|989200000|416924000|RSG
2022-06-30|USD|1473100000|3955400000|2484200000|2065700000|589600000|390200000||419800000|700000|-94000000|700000|94000000|3413600000|-4600000||13900000|478200000|106300000|94000000|371800000|372000000|572200000|936000000|371900000|RSG
2022-03-31|USD|1339700000|3466100000|2126600000|1763600000|560600000|307800000||370900000|500000|-83500000|500000|83500000|2968800000|-1600000||10000000|472300000|120300000|83500000|351900000|353100000|555800000|888900000|352000000|RSG
2021-12-31|USD|1280000000|3469900000|2189900000|1809700000|501700000|315500000||381400000|500000|-79700000|500000|79700000|2952800000|-1100000||20400000|276905000|-36200000|79700000|313100000|308100000|356605000|677000000|313105000|RSG
2021-09-30|USD|1392900000|3461300000|2068400000|1744000000|564200000|299000000||324400000|600000|-78100000|92600000|78100000|2933900000|-900000||8500000|470200000|119900000|78100000|350800000|351500000|548300000|871200000|350300000|RSG
2021-06-30|USD|1343000000|3333500000|1991000000|1650200000|517900000|315800000||340300000|600000|-78400000|600000|78400000|2812800000|-300000||7700000|426465000|95400000|78400000|332000000|331600000|504865000|512565000|331065000|RSG
2021-03-31|USD|1211300000|3057100000|1846300000|1533800000|492400000|265400000||316300000|800000|-78400000|800000|78400000|2596400000|1800000||7300000|399600000|103700000|78400000|296400000|297000000|478000000|485300000|295900000|RSG
2020-12-31|USD|2530700000|3044100000|42600000|1547200000|432700000|257700000||42600000|1200000|-78200000|164400000|78200000|2573300000|400000||12900000|200500000|-35000000|145600000|415500000|238500000|278700000|291600000|235500000|RSG
2020-09-30|USD|1231400000|3053300000|1822000000|1535400000|447900000|256100000||286600000|500000|-88900000|96600000|88900000|2537600000|1900000||5400000|318500000|58500000|123400000|260200000|261000000|407400000|412800000|260000000|RSG
2020-06-30|USD|1159500000|2912600000|1753200000|1467900000|395400000|262100000||285100000|3300000|-91600000|200000|91800000|2454400000|2600000||5100000|299300000|73800000|91600000|226300000|226600000|391100000|396200000|225500000|RSG
2020-03-31|USD|1149400000|3021500000|1872100000|1550000000|433100000|277100000||326900000|300000|-96600000|100000|96700000|2553900000|-900000||5300000|322100000|75800000|96600000|246800000|226500000|418800000|424100000|246300000|RSG
2019-12-31|USD|2576700000|3046400000|1872500000|1544000000|459200000|285600000||339100000|1000000|-95100000|1000000|95100000|2576700000|4800000||7300000|284200000|-5100000|95100000|459200000|302300000|379300000|386600000|289300000|RSG
2019-09-30|USD|1198600000|3135700000|1937200000|1631400000|467800000|275400000||305800000|2000000|-98000000|2000000|98000000|2646900000|1700000||1400000|369800000|71500000|98000000|298000000|285900000|467800000|469200000|298300000|RSG
2019-06-30|USD|1184600000|3100700000|1916400000|1617000000|437400000|264500000||299400000|1400000|-98500000|1400000|98500000|2605300000|-200000||1400000|329200000|77700000|98500000|250900000|230600000|427700000|429100000|251500000|RSG
2019-03-31|USD|1087000000|2910300000|1823400000|1506100000|422800000|266400000||324800000|1900000|-100400000|110100000|100400000|2470600000|100000||4800000|312100000|77900000|100400000|234900000|222800000|412500000|417300000|234200000|RSG
2018-12-31|USD|2530000000|2992800000|1885300000|1525600000|483300000|284500000||370100000|600000|-96500000||96500000|2530000000|100000||11400000|357200000|56200000|96500000|483300000|275800000|453700000|465100000|301000000|RSG
2018-09-30|USD|1162300000|3037300000|1873200000|1577400000|440300000|260900000||295800000|500000|-96000000||96000000|2565700000|1100000||15000000|340800000|77400000|96000000|262900000|266600000|436800000|451800000|263400000|RSG
2018-06-30|USD|1142800000|2998900000|1854200000|1577200000|408200000|252900000||277000000|200000|-96500000||96500000|2517500000|1100000||15200000|311800000|76900000|96800000|235700000|246000000|408300000|423500000|234900000|RSG
2018-03-31|USD|1081000000|2868000000|1787000000|1469800000|404200000|261200000||324000000|200000|-94800000||94800000|2427500000|1000000||15200000|310400000|72700000|94800000|237900000|256800000|405200000|420400000|237700000|RSG
2017-12-31|USD|2560000000|3060500000|1895500000|1593000000|406800000|274200000||310300000|0|-92900000||92900000|2560000000|1800000||16400000|295600000|-368800000|93700000|406800000|671600000|388500000|404900000|664400000|RSG
2017-09-30|USD|1204500000|3077200000|1872700000|1580100000|448100000|266700000||292600000|300000|-90000000||90000000|0|500000||16900000|356600000|133400000|90000000|223300000|227500000|446600000|463500000|223200000|RSG
2017-06-30|USD|1203600000|3051000000|1847400000|1557400000|425500000|262900000||290000000|300000|-89500000||89500000|2526700000|200000||16800000|332900000|130000000|89500000|203400000|200500000|422400000|439200000|202900000|RSG
2017-03-31|USD|1089900000|2882300000|1792400000|1484100000|388100000|253500000||313700000|300000|-89400000||89400000|2392800000|100000||16600000|296200000|108400000|89400000|187800000|187100000|385600000|402200000|187800000|RSG
2016-12-31|USD|2379100000|2868300000|1722800000|1465300000|392000000|249700000||260400000|0|-90000000||90000000|0|-1100000||16600000|294600000|105100000|90000000|392000000|226700000|384600000|401200000|189500000|RSG
2016-09-30|USD|1178600000|2917600000|1739000000|1476700000|417900000|235400000||262300000|200000|-96300000||96300000|-196200000|1300000||16800000|126800000|41200000|292500000|85700000|93500000|223100000|239900000|85600000|RSG
2016-06-30|USD|1137500000|2856000000|1718500000|1440700000|382100000|243500000||277800000|200000|-92200000||92200000||1600000||16700000|291500000|110700000|92200000|181000000|181000000|383700000|400400000|180800000|RSG
2016-03-31|USD|1030600000|2713400000|1682700000|1381400000|345500000|241200000||305900000|500000|-92700000||92700000||-700000||16800000|252400000|95700000|92700000|156900000|156100000|345100000|361900000|156700000|RSG
2015-12-31|USD|2290200000|2769500000|1669200000|1403700000|353900000|263600000||270900000|200000|-92900000||92900000|0|700000||16900000|261800000|89500000|92900000|353900000|168300000|354700000|371600000|172300000|RSG
2015-09-30|USD|1179900000|2833900000|1654000000|1390200000|442900000|244100000||263800000|100000|-91800000||91800000|0|-400000||16700000|350600000|135600000|91800000|215200000|210100000|442400000|459100000|215000000|RSG
2015-06-30|USD|1128900000|2805200000|1676300000|1420400000|389200000|236200000||255900000|100000|-91500000||91500000|0|900000||16900000|298700000|108400000|91500000|190300000|196400000|390200000|407100000|190300000|RSG
2015-03-31|USD|1013500000|2604900000|1591000000|1304300000|372800000|239200000||291600000|300000|-88600000||88600000|0|0||16800000|284400000|112000000|88600000|172500000|173500000|373000000|389800000|172400000|RSG
2014-12-31|USD|2225200000|2687600000|1794200000|1540400000|166400000|255100000||264000000|0|-87900000||87900000|0|500000||16600000|78800000|28500000|87900000|166400000|23600000|166700000|183300000|50300000|RSG
2014-09-30|USD|1091400000|2741000000|1645800000|1401100000|382400000|229000000||248500000|100000|-87000000||87000000|0|-100000||15900000|295400000|109600000|87000000|185800000|179100000|382400000|398300000|185800000|RSG
2014-06-30|USD|1086400000|2705400000|1615200000|1376900000|378300000|221000000||330500000|300000|-86900000||86900000|-1400000|400000||15600000|290700000|111700000|88300000|179000000|182100000|377600000|393200000|179000000|RSG
2014-03-31|USD|907200000|2492400000|1581300000|1324700000|306100000|213800000||350500000|100000|-87000000||87000000|0|1000000||15600000|220100000|87600000|87000000|132600000|130900000|307100000|322700000|132500000|RSG
2013-12-31|USD|2141500000|2573000000|1493300000|1284000000|402600000|209500000||355300000|200000|-90200000||90200000|0|800000||16400000|313300000|76700000|90200000|402600000|240400000|403500000|419900000|236600000|RSG
2013-09-30|USD|1067400000|2614500000|1547100000|1317600000|352300000|209600000||319500000|100000|-90000000||90000000|0|1000000||16800000|263700000|92300000|90000000|171100000|178000000|353700000|370500000|171400000|RSG
2013-06-30|USD|360800000|2559800000|1660400000|1410000000|181200000|228200000||394800000|100000|-90200000||90200000|-300000|300000||16600000|91000000|34700000|90500000|56400000|53600000|181200000|197800000|56300000|RSG
2013-03-31|USD|436900000|2397800000|1470300000|1223100000|274200000|206500000||403700000|300000|-89600000||89600000|-1800000|200000||16600000|183000000|58400000|91400000|124900000|125700000|272600000|289200000|124600000|RSG
2012-12-31|USD|2028300000|2433100000|1535900000|1283500000|288800000|207400000||414300000|200000|-92200000||92200000|-13600000|2300000||14900000|199100000|72100000|92200000|288800000|141000000|291300000|306200000|127000000|RSG
2012-09-30|USD|457400000|2454800000|1494000000|1280500000|317900000|193800000||340300000|300000|-93200000||93200000|-2300000|400000||17400000|223000000|70300000|95500000|152800000|164700000|316200000|333600000|152700000|RSG
2012-06-30|USD|392800000|1851500000|1458700000|1238500000|387000000|197300000||426800000|200000|-98800000||98800000|-110300000|500000||17800000|178300000|29100000|209100000|149500000|134700000|277100000|294900000|149200000|RSG
2012-03-31|USD|411800000|1886000000|1474200000|1203200000|326900000|222400000||374600000|300000|-104300000||104300000|7900000|200000||17700000|223200000|80300000|104300000|142800000|147100000|327500000|345200000|142900000|RSG
2011-12-31|USD|2021700000|4099100000|1474700000|1207600000|366700000|213900000||3500000|0|-104800000||104800000|-3500000|500000||19600000|259000000|68000000|3500000|366700000|171700000|363800000|383400000|191000000|RSG
2011-09-30|USD|515000000|2001900000|1486900000|1260000000|408500000|207500000||341200000|0|-108300000||108300000|-6000000|1800000||19500000|295900000|102400000|114300000|193600000|187500000|404200000|423700000|193500000|RSG
2011-06-30|USD|318300000|1775700000|1457400000|1237800000|401200000|200100000||530500000|100000|-111400000||111400000|-199500000|900000||18900000|91600000|45100000|310900000|46200000|32700000|203000000|221900000|46500000|RSG
2011-03-31|USD|445000000|1847400000|1402400000|1159700000|376200000|203900000||368900000|200000|-115700000||115700000|-1800000|1100000||18700000|260100000|101900000|117500000|158100000|153900000|375800000|394500000|158200000|RSG
2010-12-31|USD|2009900000|2011700000|1800000|1184800000|389400000|227500000||10900000|200000|-120400000||120400000|-9100000|700000||18600000|260500000|112900000|9100000|389400000|154800000|380900000|399500000|147600000|RSG
2010-09-30|USD|463300000|1920300000|1457000000|1224900000|367600000|209400000||373500000|400000|-122000000||122000000|-19400000|3100000||17700000|229400000|95200000|141400000|134500000|136900000|351400000|369100000|134200000|RSG
2010-06-30|USD|485200000|1935900000|1450700000|1218300000|400800000|210800000||362900000|100000|-130500000||130500000|0|-100000||17600000|270100000|110400000|130500000|159900000|159500000|400600000|418200000|159700000|RSG
2010-03-31|USD|300300000|1690900000|1390600000|1136800000|381300000|210300000||523100000|0|-134500000||134500000|-132300000|1700000||17600000|116000000|51000000|266800000|65200000|58200000|250500000|268100000|65000000|RSG
2009-12-31|USD|2091900000|2101300000|9400000|1201100000|329200000|221700000||-92900000|300000|-147100000||147100000|102300000|400000||18100000|80200000|44600000|-102300000|329200000|59000000|227300000|245400000|35600000|RSG
2009-09-30|USD|429500000|1896900000|1467400000|1207500000|386900000|225400000||436500000|500000|-144800000||144800000|-31800000|1300000||17500000|211600000|91100000|176600000|121000000|117500000|356400000|373900000|120500000|RSG
2009-06-30|USD|739700000|2216600000|1476900000|1226900000|520700000|215800000||99500000|500000|150500000|301000000|150500000||1300000||218700000|371700000|145800000|-150500000|226200000|230000000|522200000|753400000|225900000|RSG
2009-03-31|USD|851800000|2060500000|1208700000|1208700000|353000000|217500000||462600000||||153500000||200000||221800000|200000000|87000000||||353500000|611700000|113000000|RSG
2008-12-31|USD|381200000|1244400000|863200000|863200000|-111600000|182700000||410100000||||66800000||-900000||127200000|-177700000|-46000000||||-110900000|282100000|-131700000|RSG
2008-09-30|USD|334500000|834000000|499500000|499500000|167000000|85600000||167500000||||22600000||-1600000||77300000|145400000|56700000||||168000000|250500000|88700000|RSG
2008-06-30|USD|250000000|827500000|577500000|577500000|85600000|83700000||164400000||||-21100000||||76200000|67700000|27000000||||46600000|165600000|40700000|RSG
