fiscalDateEnding|reportedCurrency|grossProfit|totalRevenue|costOfRevenue|costofGoodsAndServicesSold|operatingIncome|sellingGeneralAndAdministrative|researchAndDevelopment|operatingExpenses|investmentIncomeNet|netInterestIncome|interestIncome|interestExpense|nonInterestIncome|otherNonOperatingIncome|depreciation|depreciationAndAmortization|incomeBeforeTax|incomeTaxExpense|interestAndDebtExpense|netIncomeFromContinuingOperations|comprehensiveIncomeNetOfTax|ebit|ebitda|netIncome|ticker
2024-12-31|USD|815400000|1898600000|1083200000|28400000|378800000|331700000||569300000||-61800000||61800000|1904600000|8100000|28400000|96700000|318000000|88200000|61800000|205200000|-36600000|378800000|475500000|229800000|IR
2024-09-30|USD|815000000|1861000000|1046000000|29300000|356300000|334300000||439700000||-63800000||63800000|1851100000|9500000|29300000|95000000|295400000|73800000|63800000|228200000|359600000|356300000|451300000|221600000|IR
2024-06-30|USD|793300000|1805300000|1012000000|25700000|271800000|342100000||497800000||-50800000||50800000|1743500000|18100000|25700000|91200000|231100000|46100000|53800000|190000000|147500000|271800000|363000000|185000000|IR
2024-03-31|USD|746300000|1670100000|923800000|25600000|293200000|336300000||440100000||-36800000||36800000|1670800000|13200000|25600000|91600000|256600000|54400000|36800000|215200000|127200000|293400000|385000000|202200000|IR
2023-12-31|USD|781200000|1821400000|1040200000|24400000|333200000|330800000|108000000|543300000||-37400000||37400000|1817300000|11600000|24400000|94700000|300900000|71100000|37400000|229800000|343800000|338300000|433000000|229800000|IR
2023-09-30|USD|739300000|1738900000|999600000|23500000|318400000|315200000||412600000||-39600000|39600000|39600000|1725200000|7600000|23500000|92200000|268600000|60300000|52200000|208300000|129900000|308200000|400400000|208300000|IR
2023-06-30|USD|697500000|1686500000|989000000|22100000|272400000|315600000||412700000||-40800000|40800000|40800000|1686700000|8200000|22100000|89700000|240000000|60500000|41700000|179500000|142700000|280800000|370500000|179500000|IR
2023-03-31|USD|664200000|1629300000|965100000|21600000|240300000|311100000||410400000||-38900000|38900000|38900000|1628300000|9600000|21600000|92400000|209200000|48100000|38900000|161100000|186400000|248100000|340500000|161100000|IR
2022-12-31|USD|654400000|1623700000|969300000|20800000|272900000|276000000|91000000|452500000||-34400000|34400000|34400000|1617300000|7400000|20800000|85500000|262400000|45000000|34400000|202800000|439700000|296800000|382300000|217400000|IR
2022-09-30|USD|575300000|1515700000|940400000|21200000|190000000|278700000||383800000||-26600000|26600000|26600000|1522400000|9800000|21200000|93800000|175400000|30300000|26600000|144600000|-37900000|202000000|295800000|145100000|IR
2022-06-30|USD|569800000|1439900000|870100000|20900000|197400000|275600000||372800000||-23200000|23200000|23200000|1440600000|7400000|20900000|83600000|180400000|41900000|24300000|137000000|-81000000|203600000|287200000|138500000|IR
2022-03-31|USD|526100000|1337000000|810900000|22300000|157000000|265500000||367400000||-19000000|19000000|19000000|1340800000|4600000|22300000|86200000|136100000|32400000|19000000|105100000|73800000|155100000|241300000|103700000|IR
2021-12-31|USD|509400000|1418800000|909400000|23700000|140400000|255900000|74000000|6600000||-19400000|19400000|19400000|1417200000|3900000|23700000|89600000|245400000|-47600000|19400000|163300000|332700000|264800000|354400000|293000000|IR
2021-09-30|USD|514300000|1325000000|810700000|22200000|163900000|252600000||352100000||-22500000|22500000|22500000|1314900000|3500000|22200000|80300000|128700000|2700000|31500000|130200000|80200000|151200000|231500000|126000000|IR
2021-06-30|USD|512700000|1279100000|766400000|18000000|140100000|267200000||380700000||-22700000|22700000|22700000|1275700000|34100000|18000000|80300000|246400000|12500000|22700000|137600000|284300000|269100000|349400000|233900000|IR
2021-03-31|USD|452100000|1129500000|677400000|25300000|121300000|252300000||368500000||-23100000|23100000|23100000|1387900000|2500000|25300000|93700000|-79800000|10600000|23100000|89800000|-189000000|-56700000|37000000|-90400000|IR
2020-12-31|USD|463000000|1218500000|755500000|40200000|114900000|222200000|58000000|490600000||-24400000|24400000|24400000|1503800000|3000000|29500000|102300000|138700000|-12900000|24400000|106900000|313200000|163100000|265400000|151600000|IR
2020-09-30|USD|430000000|1112500000|682500000|23200000|69000000|218600000||419900000||-28800000|28800000|28800000|1329000000|2600000|28600000|114200000|42300000|12800000|28800000|29600000|175300000|71100000|185300000|29500000|IR
2020-06-30|USD|308600000|1025400000|716800000|26700000|-45000000|209100000||442800000||-30800000|30800000|30800000|1259200000|2300000|29900000|114600000|-99200000|78400000|30800000|-153000000|-126700000|-68400000|46200000|-177600000|IR
2020-03-31|USD|217700000|703500000|485800000|15000000|-76100000|147200000||355000000||-27100000|27100000|27100000|795300000|200000|17100000|57300000|-103800000|-67000000|29100000|-38000000|-124900000|-76700000|-19400000|-36800000|IR
2019-12-31|USD|91900000|171400000|79500000|11000000|-33600000|86600000|25000000|216300000||-20900000|-500000|20400000|600000000|1600000|13500000|34500000|9400000|-16300000|20900000|-36100000|72200000|29800000|64300000|25700000|IR
2019-09-30|USD|221500000|596700000|375200000|10500000|72900000|95300000||157300000||-23200000|23200000|23200000|597300000|600000|12700000|30800000|50300000|9000000|23200000|41300000|-2300000|73500000|104300000|41300000|IR
2019-06-30|USD|234400000|629100000|394700000|11000000|74600000|110700000||160500000||-22400000|22400000|22400000|628300000|1200000|13500000|31200000|53200000|8300000|22600000|44900000|39200000|75600000|106800000|44900000|IR
2019-03-31|USD|230500000|620300000|389800000|11800000|80200000|117000000||154700000||-22400000|22400000|22400000|617200000|1300000|14100000|33700000|59100000|12000000|22400000|47100000|49100000|81500000|115200000|47100000|IR
2018-12-31|USD|269000000|712700000|443700000|10900000|134100000|104200000|24000000|170500000||-23100000||23100000|715000000|500000|13400000|34900000|111400000|16900000|23200000|94500000|73900000|134500000|169400000|94500000|IR
2018-09-30|USD|262400000|689300000|426900000|11100000|117700000|107700000||150200000||-24400000||24400000|689200000|2400000|13400000|31000000|94800000|22600000|25300000|72200000|59200000|119200000|150200000|72200000|IR
2018-06-30|USD|249300000|668200000|418900000|11400000|101400000|115800000||147900000||-26100000||26100000|670400000|2400000|13700000|31500000|77500000|17200000|26300000|60300000|200000|103600000|135100000|60300000|IR
2018-03-31|USD|231900000|619600000|387700000|11400000|89800000|106900000||143600000||-26000000||26000000|617000000|2000000|14100000|33600000|65800000|23400000|26000000|42400000|88600000|91800000|125400000|42400000|IR
2017-12-31|USD|253500000|665000000|411500000|13400000|77900000|107300000|26000000|206700000||-25300000||25300000|-1800000|1000000|15600000|33500000|53600000|-90000000|25300000|143600000|195500000|78900000|112400000|143600000|IR
2017-09-30|USD|253900000|649600000|395700000|11900000|96000000|111000000||160200000||-30100000||30100000|-35800000|600000|13900000|29500000|32400000|4400000|64200000|28000000|58100000|62500000|92000000|28000000|IR
2017-06-30|USD|215900000|579100000|363200000|363200000|-101600000|125600000||317300000||-39500000||39500000|-54400000|1300000||30500000|-190200000|-43900000|89900000|-146300000|-110700000|-150700000|-120200000|-146300000|IR
2017-03-31|USD|174600000|481700000|307100000|307117000|36800000|102300000||135576000||||45900000||500000||39663000|-8700000|-1600000||127600000|17900000|37200000|79263000|-7100000|IR
2016-12-31|USD|222200000|577800000|355600000|355605000|37700000|104800000|22000000|132904000||||41600000||1000000||45825000|-8800000|1400000||204200000|-81800000|32800000|135396000|-10200000|IR
2016-09-30|USD|164200000|462600000|298400000|298400000|20200000|100900000||144000000||||43000000||700000||42900000|-22000000|-9100000||367700000|-31800000|21000000|63800000|-12900000|IR
2016-06-30|USD|171500000|462000000|290500000|290500000|26000000|106400000||139100000||||42700000||1700000||42757000|-14800000|-10900000||759200000|-28000000|27900000|76857000|-3900000|IR
