fiscalDateEnding|reportedCurrency|grossProfit|totalRevenue|costOfRevenue|costofGoodsAndServicesSold|operatingIncome|sellingGeneralAndAdministrative|researchAndDevelopment|operatingExpenses|investmentIncomeNet|netInterestIncome|interestIncome|interestExpense|nonInterestIncome|otherNonOperatingIncome|depreciation|depreciationAndAmortization|incomeBeforeTax|incomeTaxExpense|interestAndDebtExpense|netIncomeFromContinuingOperations|comprehensiveIncomeNetOfTax|ebit|ebitda|netIncome|ticker
2024-09-30|USD|8028000000|13041000000|5013000000|4747000000|5705000000|186000000||2449000000||-269000000||269000000|11729000000|2000000||2390000000|3235000000|1176000000|189000000|4783000000|2175000000|5705000000|5894000000|2059000000|COP
2024-06-30|USD|8484000000|13620000000|5136000000|4858000000|6274000000|164000000||2333000000||-278000000||278000000|12646000000|2000000||2363000000|3659000000|1330000000|198000000|5151000000|2285000000|6274000000|6300000000|2329000000|COP
2024-03-31|USD|8256000000|13848000000|5592000000|5334000000|6177000000|178000000||2100000000||-285000000||285000000|12418000000|4000000||2230000000|3808000000|1257000000|205000000|5140000000|2307000000|6177000000|6323000000|2551000000|COP
2023-12-31|USD|8612000000|14729000000|6117000000|5678000000|6536000000|172000000|81000000|2177000000||114000000||341000000|12950000000|-7000000||2234000000|4264000000|1257000000|219000000|-4241000000|3295000000|6536000000|6662000000|3007000000|COP
2023-09-30|USD|8459000000|14250000000|5791000000|5543000000|6415000000|169000000||2056000000||-262000000|139000000|262000000|12652000000|-8000000||2144000000|4100000000|1302000000|194000000|5299000000|2762000000|6415000000|6464000000|2798000000|COP
2023-06-30|USD|7462000000|12351000000|4889000000|4616000000|5493000000|205000000||2092000000||-247000000|247000000|247000000|11028000000|23000000||2010000000|3362000000|1130000000|179000000|4619000000|2334000000|5493000000|5606000000|2232000000|COP
2023-03-31|USD|8445000000|14811000000|6366000000|6138000000|6621000000|159000000||1845000000||-256000000|355000000|90000000|12101000000|-10000000||2681000000|4562000000|1642000000|188000000|5280000000|2893000000|6621000000|6760000000|2920000000|COP
2022-12-31|USD|9355000000|18558000000|9203000000|8735000000|7374000000|192000000|71000000|2039000000|194000000|-246000000|353000000|246000000|13904000000|1000000||1999000000|5235000000|1986000000|178000000|-3626000000|3114000000|7374000000|7463000000|3249000000|COP
2022-09-30|USD|11552000000|21013000000|9461000000|9251000000|9685000000|148000000||1987000000|0|-259000000|455000000|259000000|16021000000|-4000000||1872000000|7440000000|2913000000|199000000|7130000000|3975000000|9685000000|9520000000|4527000000|COP
2022-06-30|USD|11768000000|21161000000|9393000000|9234000000|9973000000|96000000||1575000000||-272000000|383000000|272000000|17060000000|-86000000||1810000000|7655000000|2510000000|211000000|7690000000|4640000000|9973000000|9407000000|5145000000|COP
2022-03-31|USD|10761000000|17762000000|7001000000|6751000000|9279000000|187000000||951000000||-278000000|185000000|278000000|15299000000|136000000||1823000000|7898000000|2139000000|217000000|7485000000|5901000000|9279000000|9208000000|5759000000|COP
2021-12-31|USD|8232000000|15120000000|7731000000|6498000000|6845000000|163000000|62000000|1514000000|31000000|-275000000|451000000|275000000|15483000000|-24000000||1783000000|4336000000|1709000000|219000000|6642000000|2800000000|6845000000|6925000000|2627000000|COP
2021-09-30|USD|7337000000|11326000000|4279000000|4179000000|5869000000|128000000||1515000000|1000000|-280000000|47000000|280000000|11338000000|-17000000||1672000000|3582000000|1203000000|219000000|2379000000|2176000000|5869000000|5433000000|2379000000|COP
2021-06-30|USD|7031000000|9556000000|3180000000|2998000000|5992000000|117000000||1437000000|0|-283000000|327000000|283000000|9605000000|-37000000||1867000000|3080000000|989000000|220000000|2091000000|2251000000|5992000000|5183000000|2091000000|COP
2021-03-31|USD|5706000000|9826000000|4853000000|4483000000|4012000000|311000000||1461000000|1000000|-288000000|123000000|288000000|10040000000|-24000000||1886000000|1714000000|732000000|226000000|982000000|1120000000|4012000000|3671000000|982000000|COP
2020-12-31|USD|2908000000|5577000000|3141000000|2448000000|1566000000|181000000|75000000|1344000000|95000000|-202000000|132000000|259000000|5719000000|-6000000||1541000000|-1086000000|-314000000|202000000|6642000000|-324000000|1566000000|1024000000|-772000000|COP
2020-09-30|USD|2381000000|4380000000|1999000000|1839000000|1322000000|96000000||1062000000|1000000|-200000000|322000000|262000000|4388000000|-20000000||1411000000|-512000000|-62000000|200000000|-450000000|-291000000|1322000000|1161000000|-450000000|COP
2020-06-30|USD|2666000000|4016000000|1350000000|1130000000|1463000000|156000000||607000000|2000000|-268000000|419000000|268000000|3338000000|7000000||1158000000|3000000|-257000000|202000000|278000000|580000000|1463000000|856000000|260000000|COP
2020-03-31|USD|1565000000|4811000000|3246000000|2661000000|395000000|-3000000||1212000000|2000000|-202000000|1547000000|269000000|6206000000|-1539000000||1411000000|-1591000000|148000000|202000000|-1711000000|-2527000000|395000000|590000000|-1739000000|COP
2019-12-31|USD|5044000000|8140000000|3096000000|2783000000|3555000000|187000000|82000000|1407000000|156000000|-823000000|247000000|823000000|8286000000|222000000||15000000|1263000000|543000000|196000000|6642000000|1017000000|2086000000|2101000000|720000000|COP
2019-09-30|USD|7183000000|10093000000|2910000000|2710000000|5765000000|87000000||-367000000|3000000|-9000000|314000000|9000000|9562000000|262000000||27000000|3478000000|422000000|184000000|3071000000|3229000000|3487000000|3514000000|3056000000|COP
2019-06-30|USD|5489000000|8380000000|2891000000|2674000000|3942000000|129000000||1465000000|3000000|-165000000|349000000|252000000|8007000000|172000000||1490000000|2041000000|461000000|165000000|1597000000|1667000000|3942000000|3747000000|1580000000|COP
2019-03-31|USD|6142000000|10057000000|3915000000|3675000000|4718000000|153000000||1407000000|4000000|-233000000|284000000|319000000|9155000000|702000000||1546000000|2674000000|841000000|233000000|1846000000|2022000000|4718000000|4548000000|1833000000|COP
2018-12-31|USD|6217000000|10361000000|4144000000|3986000000|4790000000|65000000|78000000|539000000|86000000|||275000000|10654000000|-500000000||1612000000|2662000000|794000000|188000000|1878000000|1247000000|4790000000|3653000000|1868000000|COP
2018-09-30|USD|6383000000|10165000000|3782000000|3530000000|4897000000|119000000||1373000000|4000000|||275000000|9557000000|309000000||1494000000|2894000000|1033000000|186000000|1873000000|2056000000|4897000000|4611000000|1861000000|COP
2018-06-30|USD|-83000000|9240000000|83000000|3064000000|-166000000|118000000||83000000|4000000|||266000000|8587000000|416000000||1438000000|2605000000|965000000|177000000|-162000000|1374000000|-166000000|4205000000|1640000000|COP
2018-03-31|USD|5048000000|8961000000|3913000000|3714000000|3778000000|99000000||1263000000|3000000|||272000000|8775000000|-52000000||1412000000|1764000000|876000000|184000000|900000000|977000000|3778000000|3495000000|888000000|COP
2017-12-31|USD|3893000000|8736000000|4843000000|3435000000|2431000000|125000000|100000000|1429000000|102000000|||312000000|443000000|386000000||1633000000|1306000000|-273000000|226000000|1598000000|1353000000|2431000000|3370000000|1579000000|COP
2017-09-30|USD|4042000000|7195000000|3153000000|2926000000|2686000000|110000000||1110000000|4000000|||340000000|241000000|65000000||1608000000|637000000|217000000|251000000|436000000|1470000000|2686000000|2366000000|420000000|COP
2017-06-30|USD|-560000000|8882000000|9442000000|2922000000|-2021000000|95000000||-415000000|3000000|||398000000|1863000000|47000000||1625000000|-4375000000|-935000000|306000000|-3426000000|-3821000000|-2021000000|2093000000|-3440000000|COP
2017-03-31|USD|4152000000|7771000000|3619000000|3192000000|2697000000|97000000||1433000000|3000000|||410000000|12000000|31000000||1979000000|-245000000|-831000000|315000000|599000000|818000000|2697000000|2614000000|586000000|COP
2016-12-31|USD|-69000000|7254000000|69000000|2948000000|-138000000|-83000000|116000000|69000000|48000000|-1534000000||1534000000|189000000|106000000||2061000000|-24000000|11000000|317000000|-75000000|-784000000|1510000000|2095000000|-35000000|COP
2016-09-30|USD|3263000000|6516000000|3253000000|2819000000|1534000000|203000000||1678000000|3000000|3000000||-3000000|38000000|110000000||2425000000|-1668000000|-628000000|335000000|-1026000000|-1113000000|-1671000000|1299000000|-1040000000|COP
2016-06-30|USD|3232000000|5575000000|2343000000|2002000000|1620000000|167000000||1484000000|3000000|3000000||-3000000|145000000|19000000||2329000000|-1657000000|-586000000|312000000|-1058000000|-1296000000|-1660000000|1026000000|-1071000000|COP
2016-03-31|USD|2359000000|5015000000|2656000000|2225000000|819000000|186000000||1517000000|3000000|3000000||-3000000|7000000|20000000||2247000000|-2237000000|-768000000|281000000|-1456000000|-368000000|-2240000000|542000000|-1469000000|COP
2015-12-31|USD|-2102000000|6766000000|2102000000|3915000000|-4204000000|283000000|222000000|2102000000||-1305000000||1305000000|448000000|35000000||2382000000|-5064000000|-1614000000|268000000|-3450000000|-3572000000|-3759000000|-604000000|-3450000000|COP
2015-09-30|USD|3799000000|7507000000|3708000000|3269000000|1672000000|293000000||2109000000||3000000||-3000000|90000000|4000000||2271000000|-1756000000|-685000000|240000000|-1071000000|-3555000000|-1759000000|826000000|-1071000000|COP
2015-06-30|USD|5012000000|8660000000|3648000000|3230000000|2996000000|218000000||1964000000||2000000||-2000000|60000000|57000000||2329000000|-106000000|73000000|210000000|-179000000|769000000|-108000000|2588000000|-179000000|COP
2015-03-31|USD|4469000000|8002000000|3533000000|3237000000|2508000000|159000000||1909000000||2000000||-2000000|68000000|29000000||2131000000|-370000000|-642000000|202000000|272000000|-2415000000|-372000000|2046000000|272000000|COP
2014-12-31|USD|4728000000|11851000000|7123000000|6134000000|29039000000|132000000|263000000|7224000000||-1201000000||1201000000|181000000|44000000||2271000000|-336000000|-297000000|173000000|-39000000|-2526000000|865000000|2819000000|-39000000|COP
2014-09-30|USD|7783000000|12917000000|5134000000|4703000000|-2581000000|203000000||878000000||12000000||-12000000|8000000|69000000||2096000000|3608000000|904000000|149000000|1626000000|791000000|3596000000|5014000000|2704000000|COP
2014-06-30|USD|8851000000|14701000000|5850000000|5495000000|-2390000000|218000000||860000000||12000000||-12000000|-7000000|201000000||2070000000|3476000000|1395000000|155000000|2048000000|2777000000|3464000000|5822000000|2081000000|COP
2014-03-31|USD|8621000000|16048000000|7427000000|7127000000|-3729000000|182000000||584000000||12000000||-12000000|-18000000|52000000||1892000000|3704000000|1581000000|171000000|2103000000|1923000000|3692000000|5888000000|2123000000|COP
2013-12-31|USD|6406000000|13985000000|7579000000|6717000000|-5021000000|247000000|258000000|3229000000||-1480000000||1480000000|24000000|57000000||1893000000|3537000000|1050000000|192000000|1492000000|1777000000|5017000000|5214000000|2487000000|COP
2013-09-30|USD|9406000000|15470000000|6064000000|5708000000|-1659000000|249000000||675000000||-6000000||6000000|-9000000|49000000||1902000000|4446000000|1966000000|151000000|2423000000|3352000000|4452000000|5505000000|2480000000|COP
2013-06-30|USD|8295000000|14142000000|5847000000|5521000000|-2151000000|193000000||654000000||-7000000||7000000|7000000|203000000||1832000000|3680000000|1630000000|139000000|2053000000|412000000|3687000000|5698000000|2050000000|COP
2013-03-31|USD|8544000000|14651000000|6107000000|5834000000|-2320000000|165000000||559000000||-9000000||9000000|36000000|65000000||1807000000|3902000000|1763000000|130000000|2010000000|1530000000|3911000000|5738000000|2139000000|COP
2012-12-31|USD|6593000000|16366000000|8686000000|8256000000|-5575000000|216000000|221000000|2790000000||-1486000000||1486000000|-23000000|301000000||1779000000|3206000000|1780000000|161000000|1827000000|1174000000|4692000000|6040000000|1426000000|COP
2012-09-30|USD|8358000000|14713000000|6731000000|6436000000|-2975000000|329000000||522000000||-8000000||8000000|1000000|42000000||-1550000000|3649000000|1851000000|161000000|1725000000|2260000000|3657000000|6605000000|1798000000|COP
2012-06-30|USD|8986000000|14842000000|6180000000|5758000000|-2091000000|235000000||702000000||-10000000||10000000|-15000000|66000000||1411000000|4492000000|2225000000|197000000|1698000000|1798000000|4502000000|6114000000|2267000000|COP
2012-03-31|USD|10035000000|16083000000|46154000000|45210000000|8412000000|326000000||1637000000||-14000000||14000000|11000000|60000000||1838000000|5023000000|2086000000|190000000|2163000000|3823000000|5037000000|7884000000|2937000000|COP
2011-12-31|USD|8810000000|14903000000|51932000000|50565000000|6570000000|269000000|193000000|1523000000||-1413000000||1413000000|2208000000|122000000||1919000000|4850000000|1460000000|225000000|1057000000|3273000000|6263000000|8367000000|3390000000|COP
2011-09-30|USD|10579000000|16695000000|52164000000|51193000000|9342000000|145000000||1237000000||-15000000||15000000|-68000000|27000000||1870000000|4726000000|2110000000|230000000|1482000000|-306000000|4741000000|7953000000|2616000000|COP
2011-06-30|USD|11537000000|17668000000|54203000000|53687000000|10757000000|203000000||780000000||-16000000||16000000|17000000|96000000||2075000000|5616000000|2214000000|242000000|2284000000|3980000000|5632000000|8614000000|3402000000|COP
2011-03-31|USD|10259000000|16803000000|46307000000|45758000000|9534000000|499000000||725000000||-19000000||19000000|36000000|84000000||2070000000|5782000000|2754000000|262000000|2304000000|3802000000|5801000000|8204000000|3028000000|COP
2010-12-31|USD|-4903000000|49393000000|54296000000|53146000000|-10570000000|-566000000|230000000|7325000000||||383000000|-12000000|-1607000000||2216000000|3517000000|1476000000|253000000|-24140000000|2409000000|-10570000000|4076000000|2041000000|COP
2010-09-30|USD|12615000000|47218000000|34603000000|34051000000|11811000000|493000000||804000000||||264000000|10000000|1337000000||2246000000|5260000000|2205000000|264000000|11683000000|5579000000|11811000000|7953000000|3055000000|COP
2010-06-30|USD|11574000000|45632000000|34058000000|32088000000|12269000000|438000000||-695000000||||301000000|-54000000|475000000||2280000000|6175000000|2011000000|349000000|11472000000|2770000000|12269000000|6814000000|4164000000|COP
2010-03-31|USD|12729000000|44785000000|32056000000|31521000000|11811000000|444000000||918000000||||301000000|-36000000|73000000||2318000000|3976000000|1878000000|301000000|10573000000|2308000000|11811000000|6723000000|2098000000|COP
2009-12-31|USD|12063000000|42997000000|30934000000|30057000000|10858000000|452000000|190000000|1205000000||||375000000|18000000|171000000||2391000000|2710000000|1425000000|375000000|9706000000|1638000000|10858000000|5974000000|1285000000|COP
2009-09-30|USD|11755000000|40190000000|28435000000|28008000000|10942000000|427000000||813000000||||336000000|17000000|117000000||4557000000|2896000000|1426000000|336000000|10311000000|3184000000|10942000000|50538000000|1470000000|COP
2009-06-30|USD|9198000000|36630000000|27432000000|24609000000|6132000000|476000000||3066000000||||310000000|-142000000|106000000||2347000000|1922000000|1063000000|268000000|7260000000|3975000000|6132000000|8479000000|859000000|COP
2009-03-31|USD|8976000000|31280000000|22304000000|22304000000|2451000000|475000000||6525000000||||310000000||||2230000000|1976000000|1176000000|310000000|||2451000000|4681000000|800000000|COP
2008-12-31|USD|12790000000|44904000000|32114000000|32114000000|4561000000|561000000|209000000|8229000000||||1006000000||||2264000000|-29741000000|1374000000|279000000|||73254000000|75518000000|-31115000000|COP
2008-09-30|USD|18439000000|71373000000|52934000000|52934000000|9946000000|513000000||8493000000||||239000000||||2361000000|9467000000|4279000000|239000000|||10227000000|12588000000|5188000000|COP
2008-06-30|USD|18740000000|73353000000|54613000000|54613000000|10137000000|629000000||8603000000||||210000000||||2178000000|9795000000|4356000000|210000000|||10237000000|12415000000|5439000000|COP
