fiscalDateEnding|reportedCurrency|grossProfit|totalRevenue|costOfRevenue|costofGoodsAndServicesSold|operatingIncome|sellingGeneralAndAdministrative|researchAndDevelopment|operatingExpenses|investmentIncomeNet|netInterestIncome|interestIncome|interestExpense|nonInterestIncome|otherNonOperatingIncome|depreciation|depreciationAndAmortization|incomeBeforeTax|incomeTaxExpense|interestAndDebtExpense|netIncomeFromContinuingOperations|comprehensiveIncomeNetOfTax|ebit|ebitda|netIncome|ticker
2024-09-30|USD|575600000|853200000|603800000|300200000|116400000|274700000|155600000|459200000||-14100000||14100000|853200000|-6000000||26500000|73100000|32500000|14100000|40600000|186700000|116400000|142900000|40600000|TRMB
2024-06-30|USD|545900000|2584900000|647700000|324900000|61600000|291200000|161500000|484300000||-18100000||36200000|2584900000|100000||26500000|1762000000|445600000|18100000|1316400000|1278600000|61600000|88100000|1316400000|TRMB
2024-03-31|USD|593600000|911600000|673900000|359700000|109200000|280900000|170200000|484400000||-45200000||45200000|956800000|-100000||26700000|73000000|15800000|45200000|57200000|-23300000|109200000|135900000|57200000|TRMB
2023-12-31|USD|577300000|1035000000|970600000|355100000|96900000|264400000|167700000|480400000||-47800000||47800000|931000000|8300000|8800000|28800000|59500000|-3500000||63000000|225000000|96900000|125700000|63000000|TRMB
2023-09-30|USD|590200000|916000000|673500000|367100000|121300000|263400000|162500000|468900000||-46800000||46800000|962800000|-5800000|9600000|31200000|79400000|4500000|46800000|74900000|-45000000|121300000|152500000|74900000|TRMB
2023-06-30|USD|604500000|948000000|725200000|389100000|93600000|296600000|174800000|510900000||-46700000||46700000|994700000|1500000|10100000|31900000|57500000|12900000|46700000|44600000|68800000|93600000|125500000|44600000|TRMB
2023-03-31|USD|560800000|922600000|619100000|354600000|137000000|246100000|159300000|423800000||-19700000||19700000|942300000|27900000|9800000|11700000|160600000|31800000|19700000|128800000|145300000|137000000|148700000|128800000|TRMB
2022-12-31|USD|503100000|800300000|705100000|353400000|96700000|249900000|134700000|406400000||-24200000||24200000|852400000|13900000|10100000|12100000|91100000|5500000||85600000|185400000|96700000|108800000|85600000|TRMB
2022-09-30|USD|515400000|875300000|644600000|369500000|122400000|246700000|127000000|393000000||-15600000||15600000|890900000|-1700000|10100000|11100000|117900000|32100000||85800000|-9800000|122400000|133500000|85800000|TRMB
2022-06-30|USD|537500000|1031900000|666200000|403700000|134900000|245800000|140100000|402600000||-15300000||15300000|1047200000|-9800000|10000000|11300000|221600000|53600000||168000000|92800000|134900000|146200000|168000000|TRMB
2022-03-31|USD|549600000|977800000|696500000|444100000|156900000|233400000|140300000|392700000||-16000000||16000000|993800000|-12100000|10000000|12100000|138500000|28200000||110300000|108100000|156900000|169000000|110300000|TRMB
2021-12-31|USD|511500000|926000000|414500000|414500000|127800000|232600000|136400000|383700000||-16000000||16000000|928400000|-1000000|10400000|11900000|118100000|2800000||115300000|94200000|127800000|139700000|115300000|TRMB
2021-09-30|USD|504500000|901400000|396900000|396900000|147500000|210700000|132500000|357000000||-15900000||15900000|920500000|-2500000|10100000|12300000|156700000|32700000||124000000|95300000|147500000|159800000|124000000|TRMB
2021-06-30|USD|525400000|945300000|419900000|419800000|144800000|224800000|138300000|380600000||-16600000||16600000|965600000|3800000|10500000|13000000|162400000|23500000||138900000|157000000|144800000|157800000|138900000|TRMB
2021-03-31|USD|493300000|886700000|393400000|393200000|140900000|207800000|129400000|352400000||-16900000||16900000|886500000|1600000|10300000|13700000|137300000|22800000||114600000|83000000|140900000|154600000|114500000|TRMB
2020-12-31|USD|468500000|830000000|361500000|361200000|121900000|199800000|125800000|346600000||-17900000||17900000|844400000|1700000|10300000|11100000|127900000|-52400000||180700000|242800000|121900000|133000000|180300000|TRMB
2020-09-30|USD|439700000|792800000|353100000|352400000|102000000|191000000|117900000|337700000||-19600000||19600000|792100000|3200000|9900000|18000000|96300000|11600000||84800000|122000000|102000000|120000000|84700000|TRMB
2020-06-30|USD|405700000|735200000|329500000|327900000|97600000|172400000|114000000|308100000||-19600000||19600000|733600000|3200000|9700000|18000000|90700000|27700000||63200000|95600000|97600000|115600000|63000000|TRMB
2020-03-31|USD|441000000|794000000|353000000|351300000|98300000|204700000|118200000|342700000||-20500000||20500000|792300000|-7800000|9800000|18400000|79400000|17500000||61900000|7800000|98300000|116700000|61900000|TRMB
2019-12-31|USD|460000000|826700000|366700000|364000000|88200000|219000000|119600000|371800000||-20200000||20200000|827400000|2000000|9700000|17900000|75200000|-204100000||284700000|309800000|88200000|106100000|279300000|TRMB
2019-09-30|USD|422000000|784300000|362300000|361900000|91700000|196900000|112300000|330300000||-19700000||19700000|782400000|-1900000|9400000|19000000|78900000|800000||86900000|51200000|91700000|110700000|78100000|TRMB
2019-06-30|USD|460600000|855800000|395200000|394200000|109700000|208700000|119600000|350900000||-20600000||20600000|853800000|13400000|10100000|21300000|115400000|20800000||107500000|96700000|109700000|131000000|94600000|TRMB
2019-03-31|USD|438300000|804500000|366200000|363300000|86300000|210200000|118200000|352000000||-21900000||21900000|800700000|2000000|10200000|21800000|75100000|12800000||71200000|65900000|86300000|108100000|62300000|TRMB
2018-12-31|USD|435200000|809100000|373900000|350300000|89600000|212400000|112600000|345600000||-22400000||22400000|785500000|-4100000|9400000|20500000|67700000|-18800000||435200000|54300000|89600000|110100000|86500000|TRMB
2018-09-30|USD|426900000|795200000|368300000|368300000|77400000|211300000|114100000|349500000||-22700000||22700000|795100000|700000|9000000|23400000|64100000|-9600000||82500000|81000000|77400000|100800000|73700000|TRMB
2018-06-30|USD|422700000|763900000|594000000|362800000|89500000|202200000|110100000|333200000||-18600000||18600000|782500000|1800000|8700000|18700000|79200000|15100000||73600000|4000000|89500000|108200000|64100000|TRMB
2018-03-31|USD|396200000|742200000|346000000|346000000|64200000|203700000|109300000|332000000||-9500000||9500000|3700000|3400000|8500000|17400000|66500000|8000000||63600000|88800000|64200000|81600000|58500000|TRMB
2017-12-31|USD|435200000|708400000|338400000|340300000|55700000|192300000|98100000|303800000||-6800000||6600000|785500000|-4000000|8200000|16400000|170900000|84400000||370000000|-36500000|55700000|72100000|86500000|TRMB
2017-09-30|USD|426900000|676200000|320500000|325000000|66300000|174600000|92600000|284900000||-6300000||6300000|1600000|1600000|8700000|17000000|88400000|14700000||64400000|87200000|66300000|83300000|73700000|TRMB
2017-06-30|USD|422700000|661900000|315400000|317300000|59000000|175500000|90800000|283600000||-6000000||6000000|0|1100000|8800000|15300000|80800000|16700000||59800000|82800000|59000000|74300000|64100000|TRMB
2017-03-31|USD|396200000|610600000|286300000|286300000|54700000|164100000|88700000|269600000||-6100000||6100000|9500000|9500000|8900000|14300000|72400000|13900000||54700000|75300000|54700000|69000000|58500000|TRMB
2016-12-31|USD|359500000|585500000|272700000|334000000|54700000|157800000|83000000|254600000||-6100000||6100000|699800000|4200000|9100000|14900000|-17400000|18500000||312800000|-28800000|54700000|69600000|-35900000|TRMB
2016-09-30|USD|351200000|584100000|275100000|253300000|55300000|147800000|86900000|253700000||-6600000||6600000|0|-1700000|9100000|15500000|70200000|13000000||44400000|43700000|55300000|70800000|57200000|TRMB
2016-06-30|USD|342600000|609600000|294000000|270000000|40500000|163000000|92000000|275100000||-6600000||6600000|-1500000|100000|9700000|15600000|50000000|2700000||315600000|14700000|40500000|56100000|47300000|TRMB
2016-03-31|USD|324300000|583000000|282400000|262400000|29900000|165000000|87700000|270700000||-6600000||6600000|3000000|3300000|9100000|16200000|59500000|9700000||300600000|47900000|29900000|46100000|49800000|TRMB
2015-12-31|USD|293100000|559700000|266600000|250000000|32900000|156000000|85400000|260200000||-6500000||6500000|-2900000|-900000|9700000|16400000|28400000|4400000||293100000|4200000|32900000|49300000|24000000|TRMB
2015-09-30|USD|298000000|562300000|264300000|241000000|46000000|152300000|79600000|252000000||-6400000||6400000|100000|-900000|9100000|17400000|43600000|6500000||298000000|21800000|46000000|63400000|37100000|TRMB
2015-06-30|USD|303900000|585800000|281900000|258900000|36000000|160400000|84500000|267900000||-6300000||6300000|0|-300000|9200000|17800000|35900000|10000000||303900000|40900000|36000000|53800000|25900000|TRMB
2015-03-31|USD|307200000|582600000|275400000|253700000|39500000|161200000|87200000|267700000||-6400000||6400000|6900000|7000000|8700000|18200000|44300000|10200000||307200000|-36100000|39500000|57700000|34100000|TRMB
2014-12-31|USD|292500000|563800000|271300000|250700000|76800000|115700000|80800000|215700000||-8900000||8859000|1800000|4100000|9000000|18800000|71500000|15700000||292500000|14600000|76800000|95600000|55800000|TRMB
2014-09-30|USD|316800000|584800000|268000000|247900000|11100000|207200000|79000000|305700000||-3000000||2975000|-3200000|-600000|8500000|19300000|7100000|-4700000||316773000|-52000000|11100000|30400000|11800000|TRMB
2014-06-30|USD|354600000|642200000|287600000|267600000|97200000|157000000|81800000|257400000||-3100000||3164000|-500000|0|8100000|17800000|98600000|20700000||354571000|76900000|97200000|115000000|77900000|TRMB
2014-03-31|USD|326900000|604700000|277800000|258000000|75700000|154800000|76400000|251200000||-3700000||3683000|-1800000|13100000|7500000|40600000|89000000|20400000||341992000|67200000|75700000|116300000|68600000|TRMB
2013-12-31|USD|319454000|599218000|279762000|260189000|67309000|152167000|77615000|252123000||-4152000||4134000|-1258000|-1847000|7070000|102066000|66630000|6633000||319454000|65308000|67309000|169375000|59997000|TRMB
2013-09-30|USD|295053000|556502000|261449000|241047000|63029000|139155000|71622000|232024000||-4122000||4122000|-157000|268000|6776000|21216000|63361000|8892000||59114000|83124000|63029000|84245000|54469000|TRMB
2013-06-30|USD|302401000|576293000|273892000|254037000|64905000|138067000|76555000|237496000||-4255000||4255000|600000|284000|6661000|19908000|68319000|13738000||62110000|53013000|64905000|84813000|54581000|TRMB
2013-03-31|USD|286914000|556111000|269197000|250100000|56457000|135593000|73608000|230457000||-5071000||5071000|-1569000|295000|6193000|19651000|55245000|5437000||53189000|24054000|56457000|76108000|49808000|TRMB
2012-12-31|USD|256463000|515523000|259059000|240789000|30329000|136805000|70737000|226135000||-4796000||4796000|6574000|9115000|6781000|18260000|39490000|6305000||256463000|49105000|30329000|48589000|33185000|TRMB
2012-09-30|USD|262867000|504763000|241895000|226167000|63470000|122204000|61181000|199398000||-3925000||3925000|174000|650000|5610000|15712000|66386000|13022000||60253000|82432000|63470000|79182000|53364000|TRMB
2012-06-30|USD|267696000|517560000|249864000|236568000|58921000|127576000|64305000|208775000||-3773000||3773000|196000|884000|5738000|15782000|63818000|10126000||60228000|2495000|58921000|74703000|53692000|TRMB
2012-03-31|USD|259150000|502267000|243117000|233107000|59848000|122910000|60235000|199302000|372000|-3863000|372000|4235000|-2213000|363000|5562000|15676000|61073000|10255000|4235000|56264000|74500000|65308000|80984000|50818000|TRMB
2011-12-31|USD|217758000|435170000|217412000|1495000|28712000|115103000|57555000|189046000|338000|-3093000|338000|3431000|-1727000|2819000|5826000|15875000|31830000|2427000|3431000|217758000|8739000|35261000|51136000|29403000|TRMB
2011-09-30|USD|211559000|417433000|205874000|195553000|32448000|114750000|49928000|179111000|422000|-2942000|422000|3364000|-4022000|-388000|5508000|13786000|30660000|2689000|3364000|31985000|-18282000|34024000|47810000|27971000|TRMB
2011-06-30|USD|208734000|407169000|198435000|191726000|51567000|100647000|46292000|157167000||-1031000|319000|1350000|6496000|-252000|4572000|9867000|59698000|6020000||-2300000|57910000|61048000|70915000|53678000|TRMB
2011-03-31|USD|191530000|384293000|192763000|188364000|43675000|94679000|43232000|147855000|285000|-211000|285000|496000|306000|-252000|4603000|9177000|47112000|7409000|496000|191530000|59502000|47608000|56785000|39703000|TRMB
2010-12-31|USD|163330000|323349000|160019000|1179000|19256000|94487000|40750000|144074000|219000|716000|1083000|367000|-7260000|173000|4888000|8489000|22977000|-13587000|367000|163330000|33902000|23344000|31833000|36564000|TRMB
2010-09-30|USD|159748000|318210000|158462000|400000|31670000|82865000|36897000|128078000|221000|-576000||576000|77000|3533000|4574000|8078000|38332000|5487000|576000|36246000|62864000|38908000|46986000|32845000|TRMB
2010-06-30|USD|163426000|333363000|169937000|169937000|40561000|77812000|36552000|122865000|244000|-411000||411000|-1869000|-825000|4285000|8126000|40429000|34076000|411000|9918000|-13769000|40840000|48966000|6353000|TRMB
2010-03-31|USD|158997000|319015000|160018000|160018000|36115000|28547000|35890000|122882000||||398000||314000|4451000|18268000|39396000|11498000||||39794000|57887000|27898000|TRMB
2009-12-31|USD|130652000|277529000|146877000|146877000|12677000|24929000|35795000|117975000||||404000||162000|4854000|18558000|12961000|3414000||||13365000|32120000|9547000|TRMB
2009-09-30|USD|132458000|269713000|137255000|137255000|20165000|23237000|33250000|112293000||||450000||988000|4870000|18490000|21291000|5714000||||21741000|39651000|15577000|TRMB
2009-06-30|USD|142800000|290063000|147263000|147263000|28726000|26622000|33457000|114074000||||465000||927000||7530000|29488000|8631000||||29953000|37781000|20857000|TRMB
