fiscalDateEnding|reportedCurrency|grossProfit|totalRevenue|costOfRevenue|costofGoodsAndServicesSold|operatingIncome|sellingGeneralAndAdministrative|researchAndDevelopment|operatingExpenses|investmentIncomeNet|netInterestIncome|interestIncome|interestExpense|nonInterestIncome|otherNonOperatingIncome|depreciation|depreciationAndAmortization|incomeBeforeTax|incomeTaxExpense|interestAndDebtExpense|netIncomeFromContinuingOperations|comprehensiveIncomeNetOfTax|ebit|ebitda|netIncome|ticker
2024-12-31|USD|722000000|1887000000|1673000000|1159000000|208000000|476000000||514000000|4000000|-35000000|4000000|39000000|1881000000||40000000|38000000|219000000|35000000|39000000|178000000|84000000|208000000|246000000|184000000|ROK
2024-09-30|USD|770600000|2005400000|1826600000|1264900000|-237100000|486900000|477300000|1007300000|4000000|-37100000|4000000|40200000|2035900000||41600000|47200000|275000000|35900000|41100000|238200000|260200000|-237100000|-189900000|239100000|ROK
2024-06-30|USD|794800000|2057400000|1826200000|1255800000|224400000|500600000||570400000|3100000|-37900000|3100000|41000000|2050600000||40600000|37900000|255900000|23900000|41000000|231100000|200500000|224400000|262300000|232000000|ROK
2024-03-31|USD|833400000|2101600000|1794000000|1292600000|332000000|501400000||501400000|3500000|-39200000|3500000|39200000|2126000000||41400000|39400000|311300000|45100000|39200000|265300000|234000000|350500000|389900000|266200000|ROK
2023-12-31|USD|795000000|2018800000|1809300000|1257000000|242600000|514000000||552000000|5000000|-33300000|5000000|33300000|2052100000||39000000|38100000|262100000|47000000|33300000|212700000|275000000|295400000|333500000|215000000|ROK
2023-09-30|USD|1055500000|2522700000|2251500000|1507400000|-217300000|551600000|529500000|1273300000|5600000|-31000000|5600000|31000000|2553700000||38600000|35000000|414600000|111700000|31000000|205700000|238300000|445600000|480600000|302900000|ROK
2023-06-30|USD|915400000|2290700000|1824700000|1323300000|414000000|501400000||501400000|1500000|-34400000|1500000|34400000|2325100000|92200000|33300000|28800000|473300000|73100000|34400000|398700000|470800000|507700000|536500000|400200000|ROK
2023-03-31|USD|932500000|2302600000|1844100000|1342900000|431300000|501200000||501200000|1300000|-35800000|1300000|35800000|2338400000|-44100000|32900000|29200000|356800000|56500000|35800000|294900000|357400000|392600000|421800000|300300000|ROK
2022-12-31|USD|813600000|2087000000|1665700000|1167400000|315300000|469500000||499200000|1300000|-34100000|1300000|34100000|2121100000|157900000|29000000|28800000|473200000|89200000|34100000|378700000|448300000|507300000|536100000|384000000|ROK
2022-09-30|USD|886400000|2093000000|1723200000|1239900000|-37800000|448700000|440900000|924400000|2800000|-32700000|2800000|32700000|2125700000|800000|33000000|34600000|408700000|69800000|32700000|336000000|378900000|441400000|476000000|338900000|ROK
2022-06-30|USD|802400000|1929500000|1608300000|1166300000|360400000|442000000||442000000|600000|-30800000|600000|30800000|1960300000|14600000|28700000|28100000|347300000|49400000|30800000|294800000|173500000|378100000|406200000|297900000|ROK
2022-03-31|USD|664100000|1778000000|1572500000|1144000000|305600000|428500000||358500000|500000|-30100000|500000|30100000|1808100000|-164400000|33500000|29000000|45600000|-8300000|30100000|49400000|233000000|75700000|104700000|53900000|ROK
2021-12-31|USD|749100000|1827300000|1583200000|1108200000|274100000|447500000||475400000|500000|-29600000|500000|29600000|1856900000|10500000|31400000|27500000|285100000|43600000|29600000|238900000|246400000|314700000|342200000|241500000|ROK
2021-09-30|USD|719400000|1809600000|1557800000|1088400000|-172500000|447200000|422500000|891800000|500000|-26300000||26300000|1835900000|-241600000|33600000|22200000|8200000|-70300000|26300000|74600000|136400000|34500000|56700000|78500000|ROK
2021-06-30|USD|764400000|1825800000|1520700000|1083800000|327500000|436900000||436900000|300000|-22400000||22400000|1848200000|8400000|30100000|15700000|315800000|44500000|22400000|269000000|722300000|338200000|353900000|271300000|ROK
2021-03-31|USD|767400000|1752800000|1430000000|1008700000|346100000|421300000||421300000|500000|-23300000|500000|23300000|1776100000|184900000|30300000|15600000|512400000|97400000|23300000|410300000|416300000|535700000|551300000|415000000|ROK
2020-12-31|USD|646500000|1542600000|1307500000|918800000|327800000|374600000||318800000|300000|-22600000|300000|22600000|1565200000|451400000|29900000|14100000|703600000|110300000|22600000|590400000|680200000|726200000|740300000|593300000|ROK
2020-09-30|USD|639300000|1570000000|1298600000|930700000|639300000|354400000|371500000|739500000|400000|-26200000||26200000|1570000000|40900000|31500000|13500000|298600000|35900000|26200000|299600000|218400000|324800000|338300000|262700000|ROK
2020-06-30|USD|554200000|1368600000|1210000000|839800000|184000000|370200000||370200000|700000|-25400000||25400000|1394000000|175900000|30800000|12700000|338100000|20300000|25400000|314200000|373700000|363500000|376200000|317800000|ROK
2020-03-31|USD|698800000|1655800000|1334500000|982500000|346800000|352000000||352000000|2000000|-25500000||25500000|1681300000|-153900000|30000000|12300000|169700000|37500000|25500000|129900000|90700000|195200000|207500000|132200000|ROK
2019-12-31|USD|702900000|1658100000|1396500000|981600000|288000000|403200000||414900000|2400000|-26400000||26400000|1684500000|61300000|30200000|11700000|329900000|19200000|26400000|315400000|357400000|356300000|368000000|310700000|ROK
2019-09-30|USD|722900000|1730200000|1418800000|1007300000|722900000|405100000|378900000|790300000||-27000000||27000000|1730200000|-234400000|33600000|6400000|56400000|48300000|27000000|56400000|-549700000|83400000|89800000|8100000|ROK
2019-06-30|USD|730300000|1638300000|1296500000|934800000|368600000|361700000||361700000||-26800000||26800000|1665100000|-20400000|30500000|6400000|321400000|60000000|26800000|261400000|271500000|348200000|354600000|261400000|ROK
2019-03-31|USD|708200000|1633500000|1334000000|949000000|323200000|385000000||385000000||-23700000||23700000|1657200000|102900000|32800000|6600000|402400000|56400000|23700000|346000000|382600000|426100000|432700000|346000000|ROK
2018-12-31|USD|738700000|1620300000|1296900000|903600000|345400000|386700000||394600000||-20700000||20700000|1641000000|-210500000|29300000|6600000|120800000|40500000|20700000|80300000|45300000|141500000|148100000|80300000|ROK
2018-09-30|USD|736100000|1729500000|993400000|993400000|732600000|415100000|371800000|798000000||-19200000||19200000|1729500000|186600000|32900000|6800000|481700000|135800000|19200000|481700000|544500000|500900000|507700000|345900000|ROK
2018-06-30|USD|744700000|1698700000|954000000|954000000|339500000|399600000||402200000||-16500000||16500000|1698700000|-71300000|35000000|7100000|251700000|53100000|16500000|198600000|139600000|268200000|275300000|198600000|ROK
2018-03-31|USD|703900000|1651200000|947300000|947300000|311600000|386600000||389200000||-17300000||17300000|1651200000|5300000|36000000|7200000|299600000|72200000|17300000|227400000|321600000|316900000|324100000|227400000|ROK
2017-12-31|USD|700200000|1586600000|886400000|886400000|300700000|386600000||396400000||-20000000||20000000|11200000|10000000|32500000|7100000|297800000|534200000|20000000|-236400000|-232900000|317800000|324900000|-236400000|ROK
2017-09-30|USD|647700000|1667500000|1019800000|976100000|647700000|391600000|348200000|720000000||-19500000||19500000|60600000|70800000|38000000|6900000|273500000|68900000|19500000|273500000|489100000|293000000|299900000|204600000|ROK
2017-06-30|USD|677700000|1599200000|921500000|921500000|290900000|386800000||386800000||-19100000||19100000|200000|4200000|35300000|7700000|276000000|59100000|19100000|216900000|261200000|295100000|302800000|216900000|ROK
2017-03-31|USD|656500000|1554300000|897800000|897800000|247300000|409200000||409200000||-18900000||18900000|200000|1900000|32900000|7700000|230300000|40800000|18900000|189500000|270400000|249200000|256900000|189500000|ROK
2016-12-31|USD|642300000|1490300000|848000000|848000000|264400000|370000000||378200000||-18700000||18700000|-300000|4000000|32500000|7900000|257600000|42900000|18700000|214700000|164600000|276300000|284200000|214700000|ROK
2016-09-30|USD|651900000|1592500000|1295700000|886700000|651900000|402100000|319300000|729200000||-18200000||18200000|-900000|5300000|36100000|6900000|236900000|51700000|18200000|236900000|-25300000|255100000|262000000|185200000|ROK
2016-06-30|USD|616800000|1455900000|1203900000|857200000|270100000|346700000||346700000||-18100000||18100000|-300000|300000|35500000|7300000|252300000|61300000|18100000|191000000|188400000|270400000|277700000|191000000|ROK
2016-03-31|USD|594100000|1422700000|1204900000|846200000|235400000|358700000||358700000||-17600000||17600000|-500000|-800000|38000000|7100000|217000000|49000000|17600000|168000000|181300000|234600000|241700000|168000000|ROK
2015-12-31|USD|612700000|1409200000|1181400000|813900000|245200000|359900000||367500000||-17400000||17400000|0|1500000|33700000|7600000|236900000|51400000|17400000|185500000|181100000|254300000|261900000|185500000|ROK
2015-09-30|USD|664200000|1607500000|1312100000|943300000|664200000|360700000|307300000|677000000||-16700000||16700000|-900000|-7900000|33500000|8100000|278900000|77600000|16700000|278900000|-117900000|295600000|303700000|201300000|ROK
2015-06-30|USD|678200000|1558800000|1273400000|897000000|301800000|376400000||376400000||-16400000||16400000|1200000|-800000|33500000|7700000|284600000|78500000|16400000|206100000|231400000|301000000|308700000|206100000|ROK
2015-03-31|USD|673200000|1535100000|1260000000|877600000|290800000|382400000||382400000||-15700000||15700000|0|1400000|32200000|6900000|276500000|70500000|15700000|206000000|181200000|292200000|299100000|206000000|ROK
2014-12-31|USD|687500000|1559300000|1280500000|886900000|293900000|386900000||408700000||-14900000||14900000|-200000|1800000|33900000|6700000|287500000|73300000|14900000|214200000|146300000|302400000|309100000|214200000|ROK
2014-09-30|USD|752900000|1781800000|1431100000|1028900000|752900000|397800000|290100000|829400000||-15000000||15000000|-500000|-1100000|30900000|7200000|339000000|90300000|15000000|339000000|61300000|354000000|361200000|248700000|ROK
2014-06-30|USD|681500000|1635100000|1362400000|968000000|287100000|394400000||408800000||-14400000||14400000|-100000|1300000|33100000|7000000|274000000|74300000|14400000|199700000|214700000|288400000|295400000|199700000|ROK
2014-03-31|USD|655800000|1585500000|1337200000|944700000|263300000|392500000||407500000||-15000000||15000000||100000|30100000|8300000|248400000|68100000|15000000|180300000|197900000|263400000|271700000|180300000|ROK
2013-12-31|USD|663700000|1576800000|1320900000|928000000|270800000|385400000||407800000||-14900000||14900000||9400000|28400000|7500000|272800000|74700000|14900000|198100000|222600000|287700000|295200000|198100000|ROK
2013-09-30|USD|697200000|1715700000|1443100000|1018500000|697200000|403700000|260700000|820300000||-14900000||14900000|-200000|600000|28700000|7400000|279200000|63900000|14900000|215300000|585300000|294100000|301500000|215300000|ROK
2013-06-30|USD|652900000|1608900000|1355000000|971300000|269200000|383700000||399000000||-15300000||15300000|-200000|3500000|30000000|7700000|257400000|53700000|15300000|203700000|213100000|272700000|280400000|203700000|ROK
2013-03-31|USD|616400000|1507500000|1283200000|906400000|229600000|376800000||402100000||-15300000||15300000||2800000|28100000|8100000|227100000|51200000|15300000|175900000|158900000|242400000|250500000|175900000|ROK
2012-12-31|USD|607300000|1473800000|1263600000|881900000|214400000|373500000||408300000||-15400000||15400000||-1200000|27000000|8200000|217200000|55800000|15400000|161400000|206600000|232600000|240800000|161400000|ROK
2012-09-30|USD|654200000|1664000000|1414000000|1009800000|654200000|386400000|259100000|804900000||-14900000||14900000||2000000|27200000|8500000|254900000|59700000|14900000|195200000|8000000|269800000|278300000|195200000|ROK
2012-06-30|USD|631500000|1545200000|1298700000|928900000|251200000|369800000||395500000||-15200000||15200000||-1700000|26400000|8700000|244800000|54100000|15200000|190700000|126100000|260000000|268700000|190700000|ROK
2012-03-31|USD|618300000|1546100000|1315900000|942800000|245200000|373100000||388100000||-15000000||15000000||-6900000|26400000|8800000|223300000|55500000|15000000|167800000|222200000|238300000|247100000|167800000|ROK
2011-12-31|USD|618700000|1458900000|1226300000|855200000|247600000|362400000||386100000||-15000000||15000000||1600000|23900000|8700000|242900000|59600000|15000000|183300000|148300000|257900000|266600000|183300000|ROK
2011-09-30|USD|663200000|1654300000|1392300000|991100000|663200000|388100000|254400000|780800000||-14600000||14600000||-4400000|26100000|8600000|256100000|54300000|14600000|201800000|-83000000|270700000|279300000|201800000|ROK
2011-06-30|USD|606800000|1501500000|1279400000|909400000|236800000|370000000||384700000||-14700000||14700000||-900000|24000000|8900000|221900000|42400000|14700000|178800000|241700000|236600000|245500000|179500000|ROK
2011-03-31|USD|576500000|1448700000|1243700000|887600000|220400000|356100000||371500000||-15400000||15400000||-1400000|23600000|8200000|203600000|37200000|15400000|166400000|226100000|219000000|227200000|166400000|ROK
2010-12-31|USD|543900000|1351000000|1178000000|821900000|187800000|347000000||370900000||-14800000||14800000||4600000|22800000|9100000|186700000|36600000|14800000|150100000|161300000|201500000|210600000|150100000|ROK
2010-09-30|USD|529200000|1356900000|1196300000|827700000|529200000|354300000|198900000|688700000||-15200000||15200000||-4700000|24700000|8400000|157800000|26500000|15200000|131300000|90500000|173000000|181400000|131300000|ROK
2010-06-30|USD|507300000|1253300000|1094100000|760800000|174000000|333300000||348100000||-14800000||14800000||-3700000|22200000|8400000|155500000|36100000|14800000|119400000|88600000|170300000|178700000|119400000|ROK
2010-03-31|USD|473100000|1149400000|1014600000|691400000|149900000|323200000||338300000||-15100000||15100000|||24100000|7800000|158700000|21700000|15100000|111900000|94200000|173800000|181600000|137000000|ROK
2009-12-31|USD|426800000|1052100000|960200000|640700000|105700000|312500000||334900000||-15400000||15400000|||24700000|7000000|96100000|19500000|15400000|77800000|77300000|111500000|118500000|76600000|ROK
2009-09-30|USD|529200000|1074400000|1033900000|709100000|365300000|316800000|170000000|340000000||-15200000||15200000|||27300000|8000000|131200000|-100000|15200000|131300000|-295100000|146400000|154400000|131300000|ROK
2009-06-30|USD|370200000|995400000|945600000|640600000|65600000|305000000||320400000||-15400000||15400000|||26300000|34400000|50200000|17400000|15400000|32800000|93000000|65600000|65200000|32800000|ROK
2009-03-31|USD|363600000|1058100000|694500000|694500000|70800000|292800000||292800000||||15300000|||24200000|32100000|55400000|14800000||40600000||70700000|102900000|40600000|ROK
2008-12-31|USD|470400000|1189200000|718800000|718800000|157000000|313400000||313400000||||15000000|||23900000|32300000|142300000|23900000||115600000||157300000|191800000|118400000|ROK
2008-09-30|USD|588300000|1484300000|896000000|896000000|190700000|397600000|191300000|397600000||||16100000|||27200000|35600000|176700000|51100000||125600000||192800000|252300000|125600000|ROK
2008-06-30|USD|605600000|1475000000|869400000|869400000|228000000|377600000||377600000||||16600000||||35300000|213500000|60900000||152600000||230100000|261200000|152600000|ROK
