fiscalDateEnding|reportedCurrency|grossProfit|totalRevenue|costOfRevenue|costofGoodsAndServicesSold|operatingIncome|sellingGeneralAndAdministrative|researchAndDevelopment|operatingExpenses|investmentIncomeNet|netInterestIncome|interestIncome|interestExpense|nonInterestIncome|otherNonOperatingIncome|depreciation|depreciationAndAmortization|incomeBeforeTax|incomeTaxExpense|interestAndDebtExpense|netIncomeFromContinuingOperations|comprehensiveIncomeNetOfTax|ebit|ebitda|netIncome|ticker
2024-09-30|USD|134400000|3751300000|3616900000|2630700000|397700000|790000000||906900000|52800000|-78600000|52800000|131400000|0|||40800000|89500000|-1600000||91100000|228200000|220900000|261700000|91100000|SWK
2024-06-30|USD|1174600000|4024400000|2849800000|2849800000|373600000|825800000||801000000||-78400000|42900000|121300000||||155000000|-22100000|-2900000||-19200000|-47200000|97600000|252600000|-11200000|SWK
2024-03-31|USD|94900000|3869500000|3774600000|2761000000|320900000|852000000||933400000|43600000|-131500000|43600000|131500000|0|||41100000|48300000|28800000|131500000|19500000|-96700000|179800000|220900000|19500000|SWK
2023-12-31|USD|-466800000|3736500000|4203300000|2632100000|-5796400000|832800000|362000000|1841800000|51700000|-139300000|51700000|139300000|-3200000|||480400000|-107100000|197300000|139300000|-276100000|-165900000|32200000|512600000|-304400000|SWK
2023-09-30|USD|-8300000|3953900000|3962200000|2893300000|335900000|791800000||977400000|50200000|-144600000|94400000|144600000|0|||48100000|-57000000|-61700000|144600000|4700000|-107100000|87600000|135700000|4700000|SWK
2023-06-30|USD|-22200000|4158900000|4181100000|3226800000|173600000|834400000||890600000|45200000|-144600000|99400000|144600000|0|45200000||48300000|-76300000|-253300000|144600000|177500000|147900000|68300000|116600000|177000000|SWK
2023-03-31|USD|-111600000|3931800000|4043400000|3096300000|86100000|823000000||893100000|39800000|-130900000|91100000|130900000|-7600000|32200000||48300000|-164100000|23700000|130900000|-187800000|-135000000|-33200000|15100000|-187800000|SWK
2022-12-31|USD|753500000|3986800000|3233300000|3233300000|699500000|758100000|357400000|54000000|30000000|-113900000|83900000|113900000|4000000|30000000||419400000|-96600000|-51600000|113900000|-100600000|256000000|17300000|436700000|-45000000|SWK
2022-09-30|USD|1018100000|4119600000|3101500000|3101500000|296800000|799000000||119000000|15400000|-91700000|76300000|91700000|-8600000|6800000||49600000|803700000|-40900000|91700000|36600000|569300000|895400000|945000000|844600000|SWK
2022-06-30|USD|1207100000|4393000000|3185900000|3185900000|419900000|849400000||248000000|6500000|-78200000|6500000|78200000|200000|6700000||51500000|24800000|-62800000|78200000|78600000|-190100000|103000000|154500000|87600000|SWK
2022-03-31|USD|1305400000|4448000000|3142600000|3142600000|419800000|949200000||221000000|2800000|-54700000|2800000|54700000|0|2800000||51700000|198200000|22900000|54700000|155500000|147600000|252900000|304600000|175300000|SWK
2021-12-31|USD|1127000000|3981900000|2854900000|2854900000|1023000000|933400000|276300000|104000000|2000000|-45800000|43800000|45800000|3000000|7900000||425800000|200900000|-127200000|45800000|279200000|357300000|246700000|672500000|328100000|SWK
2021-09-30|USD|1215600000|3779700000|2564100000|2564100000|521100000|770800000||33000000|2200000|-45600000|43500000|45600000|0|12100000||50300000|413700000|-500000|45600000|379600000|326400000|459300000|509600000|414200000|SWK
2021-06-30|USD|1361800000|3798900000|2437100000|2437100000|687500000|772000000||33000000|2700000|-46500000|43800000|46500000|-2600000|4500000||50500000|526800000|67300000|46500000|433500000|479100000|573300000|623800000|459500000|SWK
2021-03-31|USD|1387800000|3720800000|2333000000|2333000000|744500000|716900000||24000000|2900000|-47500000|2900000|47500000|-1000000|3700000||50500000|602900000|115500000|47500000|460200000|380300000|650400000|700900000|487400000|SWK
2020-12-31|USD|1404300000|4002700000|2598400000|1717000000|792900000|372600000||66000000|2900000|-52900000|100000|53000000|-60400000|-62000000||428100000|531300000|64000000|99800000|387400000|705400000|584300000|1012400000|467300000|SWK
2020-09-30|USD|1231900000|3488100000|2256200000|2473900000|700200000|731300000||824900000|2000000|-52700000|50700000|52700000|0|6000000||51200000|473300000|78400000|52700000|394900000|465000000|526000000|577200000|394900000|SWK
2020-06-30|USD|886500000|2806300000|1919800000|2134700000|359400000|713000000||817900000|2500000|-57300000|2500000|57300000|0|12800000||50500000|121100000|-117300000|57300000|238400000|336500000|178400000|228900000|238400000|SWK
2020-03-31|USD|882700000|2760600000|1877900000|2106300000|323500000|737800000||810500000|10100000|-59700000|10100000|59700000|0|9900000||48300000|146100000|12900000|59700000|133200000|-125600000|205800000|254100000|133200000|SWK
2019-12-31|USD|1160600000|3714200000|2553600000|1596400000|511100000|252400000|255200000|164000000|12500000|-65100000|-2100000|63000000|16300000|45500000||279400000|190400000|-8700000|83000000|197500000|257600000|253400000|532800000|199100000|SWK
2019-09-30|USD|1239500000|3633100000|2393600000|2393600000|533500000|752800000||905900000|12700000|-72400000|12700000|72400000|0|8300000||93100000|289700000|59200000|72400000|230500000|99600000|362100000|455200000|230500000|SWK
2019-06-30|USD|1299800000|3761300000|2461500000|2461500000|573100000|776200000||886600000|12100000|-72400000|12100000|72400000|-17200000|200000||93700000|407900000|51600000|72400000|356300000|355600000|480300000|574000000|356300000|SWK
2019-03-31|USD|1105600000|3333600000|2228000000|2228000000|376300000|760600000||897700000|16600000|-74400000|16600000|74400000|36700000|16900000||94000000|194600000|24700000|74400000|169900000|170900000|269000000|363000000|169900000|SWK
2018-12-31|USD|1159900000|3634700000|2474800000|2474800000|430600000|770200000|275800000|202000000|18600000|-73600000||73600000|0|18600000||81500000|170200000|277000000|73600000|-106800000|-169900000|243800000|325300000|-106800000|SWK
2018-09-30|USD|1239500000|3633100000|2393600000|2256400000|492000000|792900000||914300000|18700000|-72100000||72100000|0|18700000||85200000|287100000|56600000|72100000|247800000|269000000|359200000|444400000|230500000|SWK
2018-06-30|USD|1299800000|3761300000|2461500000|2356500000|532200000|801800000||912600000|15600000|-69000000||69000000|-800000|14800000||83200000|357300000|1000000|69000000|293600000|14500000|426300000|509500000|356300000|SWK
2018-03-31|USD|1105600000|3333600000|2228000000|2043600000|427400000|778800000||897000000|15800000|-63200000||63200000|0|15800000||81300000|251600000|81700000|63200000|170600000|266400000|314800000|396100000|169900000|SWK
2017-12-31|USD|1159900000|3634700000|2474800000|2218200000|517500000|798900000|252300000|27000000|11500000|-58100000||58100000|-1000000|10500000||78800000|-46200000|60600000|58100000|281500000|314400000|11900000|90700000|-106800000|SWK
2017-09-30|USD|1238400000|3494800000|2256400000|2106400000|540300000|763400000||869000000|10300000|-57200000||57200000|-3200000|7100000||76600000|327700000|79900000|57200000|274200000|378100000|384900000|461500000|247800000|SWK
2017-06-30|USD|1287100000|3643600000|2356500000|2073400000|518400000|738600000||43000000|9700000|-56000000||56000000|-900000|8800000||73700000|374300000|80700000|56000000|277200000|360100000|430300000|504000000|293600000|SWK
2017-03-31|USD|1165700000|3209300000|2043600000|1790300000|420300000|682000000||211000000|8600000|-51300000||51300000|269200000|277800000||67800000|250300000|79700000|51300000|393100000|507200000|301600000|369400000|170600000|SWK
2016-12-31|USD|1076600000|3252200000|2657100000|2029600000|437400000|685400000|204400000|977100000|6800000|-49300000||49300000|0|||67200000|282500000|27000000|49300000|255500000|18400000|331800000|399000000|255500000|SWK
2016-09-30|USD|1084100000|2831800000|2574200000|1797900000|481800000|643800000||721100000|5100000|-50200000||50200000|0|5100000||66600000|327600000|78700000|50200000|248900000|278300000|377800000|444400000|248900000|SWK
2016-06-30|USD|1128900000|2884700000|2586600000|1803500000|509000000|659700000||742700000|5500000|-47700000||47700000|0|5500000||65600000|362000000|90500000|47700000|271500000|174700000|409700000|475300000|271500000|SWK
2016-03-31|USD|977600000|2624800000|2433300000|1694500000|398200000|620400000||700000000|5800000|-47300000||47300000|0|-5800000||64200000|254900000|65500000|47300000|189400000|269200000|302200000|366400000|189400000|SWK
2015-12-31|USD|1076600000|2920400000|2570900000|1831200000|458200000|615500000|188000000|869000000|4900000|-44600000||44600000||-10900000||66700000|294600000|39100000|44500000|255500000|153000000|339200000|405900000|255500000|SWK
2015-09-30|USD|1084100000|2829500000|2533700000|1802500000|454000000|598400000||687100000|3600000|-45200000||45200000||-3600000||64800000|324600000|75700000|45200000|248900000|102300000|369800000|434600000|248900000|SWK
2015-06-30|USD|1128900000|2866900000|2559200000|1809700000|451100000|631500000||712000000|3000000|-46200000||46200000||3000000||62500000|350000000|78500000|46200000|271500000|299400000|396200000|458700000|271500000|SWK
2015-03-31|USD|977600000|2630000000|2421600000|1656400000|386300000|613700000||710800000|3700000|-44400000||44400000||-3700000||62900000|244700000|55300000|44400000|189400000|-95000000|289100000|352000000|189400000|SWK
2014-12-31|USD|1014200000|2982500000|40000000|1931400000|450900000|651800000|174600000|40000000|4100000|-46100000|200000|46300000||||66200000|312200000|46700000|46000000|267200000|-338500000|358500000|424700000|265500000|SWK
2014-09-30|USD|1027000000|2858700000|2626900000|1832300000|443200000|637200000||717400000|3100000|-43500000||43500000||-3100000||65800000|287000000|58300000|43500000|234100000|-46300000|330500000|396300000|228700000|SWK
2014-06-30|USD|1057200000|2842200000|2614500000|1811500000|437800000|649000000||774100000|3000000|-43300000||43300000||3000000||67000000|301300000|74100000|43300000|235700000|207800000|344600000|411600000|227200000|SWK
2014-03-31|USD|973600000|2599600000|2450700000|1660700000|352300000|636900000||753600000|3400000|-44300000|-200000|44100000||-3400000||64400000|210300000|48000000|44300000|166800000|166700000|254400000|318800000|162300000|SWK
2013-12-31|USD|1026800000|2906000000|215000000|1795900000|397700000|674500000|170700000|215000000|3300000|-41800000|-300000|41500000||||65600000|44400000|-11700000|62400000|70500000|38100000|85900000|151500000|56100000|SWK
2013-09-30|USD|979600000|2720200000|2620700000|1770700000|374400000|665000000||826200000|3000000|-39100000||39100000||-3000000||56900000|183300000|17300000|39100000|169400000|330900000|222400000|279300000|166000000|SWK
2013-06-30|USD|997300000|2829600000|2652700000|1852500000|382200000|673800000||762200000|3300000|-39700000|-100000|39600000||-3300000||57000000|241500000|54400000|39700000|196200000|71400000|281100000|338100000|187100000|SWK
2013-03-31|USD|900000000|2450500000|2457700000|1567900000|312900000|663200000||852100000|3200000|-36700000|3200000|39900000||3200000||58500000|89900000|8800000|39900000|83900000|-61100000|129800000|188300000|81100000|SWK
2012-12-31|USD|946100000|2659500000|131000000|1626100000|364400000|609300000|151400000|131000000|2600000|-36500000|2200000|38700000||38500000||62100000|485000000|-7100000|39100000|137300000|374000000|523700000|585800000|492100000|SWK
2012-09-30|USD|911900000|2707100000|2676700000|1605300000|364600000|604600000||909300000|2600000|-34100000|2600000|36700000||||53000000|128100000|12900000|82200000|90200000|392800000|164800000|217800000|115200000|SWK
2012-06-30|USD|928900000|2781900000|2662700000|1636700000|360600000|622900000||817800000|2300000|-32300000|2300000|34600000||||59600000|193400000|38600000|34600000|128700000|-120500000|228000000|287600000|154800000|SWK
2012-03-31|USD|908600000|2621700000|2542300000|1514100000|341100000|635000000||831000000|2700000|-31400000|2500000|33900000||||63200000|151600000|29800000|33900000|108600000|198700000|185500000|248700000|121800000|SWK
2011-12-31|USD|170100000|2761800000|2591700000|1149800000|228900000|483400000|147200000|896200000|6700000|-30700000|6200000|36900000|-16200000|||60300000|130300000|-33700000|36800000|90200000|-3600000|167200000|227500000|164000000|SWK
2011-09-30|USD|107700000|2592900000|2485200000|1651400000|383900000|635900000||782800000|8000000|-26800000|8000000|34800000||8000000||55200000|189700000|35100000|34800000|161500000|-105400000|224500000|279700000|154600000|SWK
2011-06-30|USD|171900000|2576500000|2404600000|1640400000|390500000|624100000||744700000|7200000|-26800000|7200000|34000000||7300000||51700000|225000000|27700000|34000000|197600000|242400000|259000000|310700000|197300000|SWK
2011-03-31|USD|112000000|2331900000|2219900000|1484100000|335000000|599000000||720700000|5100000|-29600000|5100000|34700000||5100000||61300000|181900000|23200000|34700000|157400000|308300000|216600000|277900000|158700000|SWK
2010-12-31|USD|205200000|2316000000|2110800000|889100000|217800000|454600000||768600000|3400000|-31700000|2800000|34500000||||-35400000|146500000|8700000|34600000|90200000|195800000|181000000|145600000|137800000|SWK
2010-09-30|USD|84800000|2342400000|2257600000|1514800000|326700000|579300000||723000000|2500000|-26700000|2500000|29200000||||86400000|168000000|44800000|29200000|123200000|332700000|197200000|283600000|123200000|SWK
2010-06-30|USD|-80300000|2341000000|2421300000|1596600000|237600000|581100000||789500000|2200000|-24600000|2200000|26800000||||92700000|8800000|-37000000|26800000|45800000|-220500000|35600000|128300000|45800000|SWK
2010-03-31|USD|497500000|1262000000|764500000|806100000|123900000|378500000||366400000||||19300000||||59700000|-107100000|1500000|||-149600000|-87800000|-28100000|-108600000|SWK
2009-12-31|USD|394200000|969400000|575200000|536600000|29900000|252800000|18300000|364300000||||15000000||||-53300000|53600000|-3100000|||67200000|68600000|15300000|56700000|SWK
2009-09-30|USD|386400000|935500000|549100000|549100000|94800000|248600000||285000000||||15500000||||51900000|78100000|17700000||61800000|97400000|93600000|145500000|60400000|SWK
2009-06-30|USD|366600000|919200000|552600000|552600000|111300000|253200000||255300000||||16200000||||48900000|96200000|26700000||70800000||112400000|161300000|69500000|SWK
