fiscalDateEnding|reportedCurrency|grossProfit|totalRevenue|costOfRevenue|costofGoodsAndServicesSold|operatingIncome|sellingGeneralAndAdministrative|researchAndDevelopment|operatingExpenses|investmentIncomeNet|netInterestIncome|interestIncome|interestExpense|nonInterestIncome|otherNonOperatingIncome|depreciation|depreciationAndAmortization|incomeBeforeTax|incomeTaxExpense|interestAndDebtExpense|netIncomeFromContinuingOperations|comprehensiveIncomeNetOfTax|ebit|ebitda|netIncome|ticker
2024-09-30|USD|6027000000|14843000000|8816000000|3924000000|1565000000|574000000||2873000000|187000000|-139000000|187000000|-53000000|14843000000|-50000000||742000000|1286000000|321000000|379000000|965000000|953000000|1565000000|2354000000|965000000|UAL
2024-06-30|USD|6187000000|14986000000|8799000000|4039000000|1929000000|626000000||2873000000|190000000|-177000000|190000000|367000000|14986000000|20000000||719000000|1739000000|416000000|-393000000|1323000000|1307000000|1929000000|2825000000|1323000000|UAL
2024-03-31|USD|3885000000|12111000000|8226000000|3801000000|99000000|480000000||2641000000|177000000|-393000000|177000000|393000000|12504000000|-10000000||708000000|-164000000|-40000000|428000000|-124000000|-143000000|99000000|937000000|-124000000|UAL
2023-12-31|USD|4212000000|13215000000|9003000000|4154000000|998000000|872000000||3081000000|207000000|-450000000|207000000|450000000|13626000000|23000000||684000000|771000000|171000000|450000000|600000000|447000000|998000000|1885000000|600000000|UAL
2023-09-30|USD|5391000000|14039000000|8648000000|4189000000|1739000000|516000000||2703000000|234000000|-445000000|234000000|445000000|14484000000|11000000||663000000|1485000000|348000000|445000000|1137000000|1125000000|1739000000|2014000000|1137000000|UAL
2023-06-30|USD|5026000000|13716000000|8690000000|3634000000|1517000000|487000000||3363000000|216000000|-451000000|216000000|451000000|14167000000|21000000||1096000000|1387000000|312000000|462000000|1075000000|1017000000|1517000000|2613000000|1075000000|UAL
2023-03-31|USD|3295000000|10981000000|7686000000|3947000000|-43000000|403000000||2231000000|170000000|-448000000|170000000|448000000|11429000000|41000000||225000000|-256000000|-62000000|448000000|-194000000|-208000000|-43000000|182000000|-194000000|UAL
2022-12-31|USD|4123000000|11973000000|7850000000|4033000000|1377000000|688000000||2562000000|156000000|-460000000|156000000|460000000|12400000000|12000000||2760000000|1130000000|287000000|460000000|843000000|1982000000|1377000000|1561000000|843000000|UAL
2022-09-30|USD|4645000000|12449000000|7804000000|4459000000|1458000000|482000000||2292000000|104000000|-428000000|104000000|428000000|12877000000|-9000000||115000000|1153000000|211000000|428000000|942000000|922000000|1458000000|1573000000|942000000|UAL
2022-06-30|USD|3733000000|11714000000|7981000000|4546000000|878000000|487000000||2241000000|33000000|-398000000|33000000|398000000|12112000000|-14000000||131000000|459000000|130000000|398000000|329000000|322000000|878000000|1009000000|329000000|UAL
2022-03-31|USD|1258000000|7166000000|5908000000|2903000000|-1376000000|226000000||1669000000|5000000|-400000000|5000000|400000000|7566000000|19000000||24000000|-1752000000|-375000000|400000000|-1377000000|-1372000000|-1376000000|-1360000000|-1377000000|UAL
2021-12-31|USD|1919000000|7796000000|5877000000|2706000000|-408000000|398000000||1997000000|6000000|-422000000|6000000|422000000|8192000000|88000000||-31000000|-845000000|-199000000|422000000|-646000000|-464000000|-408000000|-258000000|-646000000|UAL
2021-09-30|USD|3221000000|7319000000|4098000000|2420000000|1037000000|289000000||388000000|11000000|-431000000|11000000|431000000|7750000000|20000000||623000000|603000000|130000000|431000000|473000000|463000000|1037000000|1102000000|473000000|UAL
2021-06-30|USD|1683000000|5067000000|3384000000|1848000000|-270000000|208000000||217000000|12000000|-404000000|12000000|404000000|5471000000|-49000000||620000000|-564000000|-130000000|404000000|-434000000|-422000000|-270000000|-1255000000|-434000000|UAL
2021-03-31|USD|494000000|2885000000|2391000000|1425000000|-1381000000|119000000||-384000000|7000000|-336000000|7000000|336000000|3221000000|-19000000||623000000|-1751000000|-394000000|336000000|-1357000000|-1344000000|-1381000000|-2770000000|-1357000000|UAL
2020-12-31|USD|3561000000|3412000000|-149000000|1305000000|-2135000000|192000000||-149000000|5000000|-350000000|5000000|350000000|3412000000|-10000000||-1716000000|-2373000000|-476000000|350000000|-1682000000|-2027000000|-2135000000|-3739000000|-1897000000|UAL
2020-09-30|USD|-766000000|2160000000|2926000000|1058000000|-1615000000|94000000||318000000|8000000|-329000000|8000000|329000000|2489000000|-411000000||626000000|-2332000000|-491000000|329000000|-1841000000|-1591000000|-1615000000|-1377000000|-1841000000|UAL
2020-06-30|USD|-814000000|1296000000|2110000000|716000000|-1637000000|55000000||-248000000|11000000|-179000000|11000000|179000000|1475000000|-207000000||618000000|-2003000000|-376000000|179000000|-1627000000|-2115000000|-1637000000|-1206000000|-1627000000|UAL
2020-03-31|USD|90000000|7132000000|7042000000|2399000000|-972000000|313000000||2444000000|26000000|-150000000|26000000|150000000|7979000000|-699000000||615000000|-2114000000|-410000000|150000000|-1704000000|-1757000000|-972000000|-1349000000|-1704000000|UAL
2019-12-31|USD|10758000000|10888000000|130000000|2966000000|861000000|659000000||130000000|30000000|-161000000|30000000|161000000|10888000000|13000000||606000000|844000000|203000000|161000000|861000000|427000000|861000000|1611000000|641000000|UAL
2019-09-30|USD|4059000000|11197000000|7138000000|3008000000|1473000000|465000000||2668000000|36000000|-191000000|36000000|191000000|11380000000|-12000000||575000000|1349000000|325000000|191000000|1024000000|1327000000|1540000000|2115000000|1024000000|UAL
2019-06-30|USD|3951000000|11220000000|7269000000|3118000000|1472000000|463000000||2646000000|38000000|-191000000|38000000|191000000|11402000000|-20000000||560000000|1354000000|302000000|191000000|1052000000|1038000000|1545000000|2105000000|1052000000|UAL
2019-03-31|USD|2911000000|9401000000|6490000000|2692000000|495000000|3233000000||5306000000|29000000|-188000000|29000000|188000000|9589000000|-8000000||547000000|367000000|75000000|188000000|292000000|302000000|555000000|1102000000|292000000|UAL
2018-12-31|USD|10190000000|10491000000|301000000|3060000000|635000000|3531000000||301000000|31000000|-189000000|-16000000|173000000|10491000000|46000000||558000000|553000000|92000000|189000000|652000000|748000000|726000000|1284000000|461000000|UAL
2018-09-30|USD|3601000000|10816000000|7215000000|3277000000|1187000000|3357000000||5405000000|28000000|-187000000|-15000000|172000000|11003000000|-1000000||545000000|1058000000|225000000|187000000|836000000|846000000|1230000000|1775000000|833000000|UAL
2018-06-30|USD|3708000000|10777000000|7069000000|3112000000|1145000000|3271000000||5385000000|25000000|-177000000|-14000000|163000000|10777000000|-164000000||538000000|855000000|172000000|177000000|684000000|695000000|1018000000|1556000000|683000000|UAL
2018-03-31|USD|2733000000|9032000000|6299000000|2650000000|262000000|3068000000||5047000000|17000000|-176000000|-14000000|162000000|9032000000|47000000||524000000|182000000|37000000|176000000|147000000|178000000|344000000|868000000|145000000|UAL
2017-12-31|USD|9407000000|9438000000|31000000|2590000000|776000000|3249000000||31000000|16000000|-171000000|-43000000|128000000|9451000000|-18000000||486000000|604000000|25000000|171000000|729000000|373000000|732000000|1218000000|579000000|UAL
2017-09-30|USD|3569000000|9878000000|6309000000|2539000000|1138000000|3164000000||5229000000|17000000|-164000000|5000000|169000000|9899000000|-13000000||556000000|993000000|348000000|164000000|637000000|665000000|1162000000|1718000000|645000000|UAL
2017-06-30|USD|3828000000|10008000000|6172000000|2362000000|1437000000|3230000000||5221000000|13000000|-158000000|9000000|167000000|10008000000|-27000000||536000000|1277000000|456000000|158000000|818000000|813000000|1444000000|1980000000|821000000|UAL
2017-03-31|USD|2600000000|8426000000|5820000000|2283000000|320000000|2968000000||4883000000|11000000|-150000000|12000000|162000000|8426000000|-42000000||518000000|150000000|51000000|150000000|96000000|92000000|312000000|830000000|99000000|UAL
2016-12-31|USD|9083000000|9052000000|-31000000|2267000000|1005000000|3104000000||-12000000|11000000|-148000000|60000000|208000000|0|0||504000000|867000000|470000000|148000000|1005000000|337000000|1075000000|1579000000|397000000|UAL
2016-09-30|USD|4078000000|9913000000|5835000000|2317000000|1624000000|2970000000||4967000000|14000000|-150000000||150000000|0|2000000||503000000|1510000000|545000000|150000000|965000000|901000000|1660000000|2163000000|965000000|UAL
2016-06-30|USD|3387000000|9396000000|6009000000|2153000000|1060000000|2931000000||5190000000|9000000|-157000000||157000000|9000000|5000000||491000000|931000000|343000000|148000000|588000000|631000000|1088000000|1579000000|588000000|UAL
2016-03-31|USD|2812000000|8195000000|5383000000|1921000000|649000000|2793000000||4709000000|8000000|-159000000||159000000|-16000000|-18000000||479000000|494000000|181000000|167000000|313000000|367000000|653000000|1132000000|313000000|UAL
2015-12-31|USD|8892000000|9036000000|144000000|2348000000|1081000000|2941000000||210000000|9000000|-165000000||165000000|-7000000|-31000000||476000000|905000000|82000000|7000000|1081000000|926000000|1070000000|1546000000|823000000|UAL
2015-09-30|USD|4176000000|10306000000|6130000000|2670000000|1899000000|2900000000||4789000000|5000000|-164000000||164000000|-61000000|-147000000||469000000|1606000000|-3210000000|164000000|4816000000|4694000000|1770000000|2239000000|4816000000|UAL
2015-06-30|USD|3745000000|9914000000|6169000000|2853000000|1445000000|2802000000||4632000000|6000000|-167000000||167000000|-128000000|-100000000||445000000|1197000000|4000000|295000000|1193000000|1358000000|1364000000|1809000000|1193000000|UAL
2015-03-31|USD|2876000000|8608000000|5732000000|2608000000|741000000|2613000000||4306000000|5000000|-173000000||173000000|-2000000|-74000000||429000000|511000000|3000000|179000000|508000000|610000000|684000000|1113000000|508000000|UAL
2014-12-31|USD|9117000000|9313000000|196000000|3313000000|625000000|2764000000||201000000|5000000|-176000000||176000000|-58000000|-443000000||431000000|22000000|-6000000|53000000|631000000|-1439000000|198000000|629000000|28000000|UAL
2014-09-30|USD|3472000000|10563000000|7091000000|3916000000|1191000000|2719000000||4424000000|8000000|-186000000||186000000|-9000000|-106000000||422000000|920000000|-4000000|186000000|924000000|723000000|1106000000|1528000000|924000000|UAL
2014-06-30|USD|4191000000|10329000000|6138000000|3101000000|906000000|2533000000||4591000000|4000000|-186000000||186000000|-16000000|54000000||417000000|791000000|2000000|186000000|789000000|798000000|977000000|1394000000|789000000|UAL
2014-03-31|USD|2847000000|8696000000|5849000000|2917000000|-349000000|2471000000||4506000000|5000000|-187000000||187000000|-25000000|-89000000||409000000|-606000000|3000000|187000000|-609000000|-637000000|-419000000|-10000000|-609000000|UAL
2013-12-31|USD|9091000000|9329000000|238000000|2965000000|235000000|2630000000||239000000|5000000|-193000000||193000000|-1000000|51000000||421000000|133000000|-7000000|193000000|242000000|1241000000|326000000|747000000|140000000|UAL
2013-09-30|USD|3896000000|10228000000|6332000000|3262000000|508000000|2586000000||4661000000|5000000|-195000000||195000000|-34000000|52000000||435000000|382000000|3000000|195000000|379000000|455000000|577000000|1012000000|379000000|UAL
2013-06-30|USD|3941000000|10001000000|6060000000|3068000000|770000000|2522000000||4500000000|6000000|-194000000||194000000|-7000000|-123000000||425000000|471000000|2000000|194000000|469000000|927000000|665000000|1090000000|469000000|UAL
2013-03-31|USD|2001000000|8721000000|6720000000|3787000000|-264000000|2455000000||4348000000|5000000|-201000000||201000000|3000000|23000000|40000000|408000000|-426000000|-9000000|201000000|-417000000|-398000000|-225000000|183000000|-417000000|UAL
2012-12-31|USD|8273000000|8702000000|429000000|3794000000|-465000000|21000000||429000000|7000000|-204000000||204000000|14000000|19000000||385000000|-629000000|-9000000|-105000000|-456000000|-1347000000|-425000000|-40000000|-620000000|UAL
2012-09-30|USD|2981000000|9909000000|6928000000|4155000000|200000000|2394000000||4145000000|4000000|-202000000||202000000|0|4000000||379000000|15000000|9000000|202000000|6000000|186000000|217000000|596000000|6000000|UAL
2012-06-30|USD|3030000000|9939000000|6909000000|4162000000|575000000|2369000000||4134000000|7000000|-213000000||213000000|7000000|-38000000||378000000|340000000|1000000|213000000|339000000|120000000|553000000|931000000|339000000|UAL
2012-03-31|USD|2039000000|8602000000|6563000000|3949000000|-271000000|2234000000||3953000000|5000000|-216000000||216000000|19000000|27000000||380000000|-450000000|-2000000|216000000|-448000000|-311000000|-234000000|146000000|-448000000|UAL
2011-12-31|USD|8758000000|8928000000|170000000|3831000000|45000000|2385000000||170000000|5000000|-218000000||218000000||14000000||390000000|-140000000|-2000000|218000000|45000000|-510000000|78000000|468000000|-138000000|UAL
2011-09-30|USD|3165000000|10171000000|7006000000|4102000000|935000000|2397000000||4298000000|6000000|-227000000||227000000||-64000000||384000000|660000000|7000000|227000000|653000000|368000000|887000000|1271000000|653000000|UAL
2011-06-30|USD|3760000000|9809000000|6049000000|3228000000|808000000|2291000000||4210000000|5000000|-250000000||250000000||-29000000||385000000|542000000|4000000|250000000|538000000|24000000|792000000|1177000000|538000000|UAL
2011-03-31|USD|2986000000|8202000000|5216000000|2672000000|34000000|2156000000||3935000000|4000000|-254000000||254000000||-1000000||388000000|-211000000|2000000|254000000|-213000000|156000000|43000000|431000000|-213000000|UAL
2010-12-31|USD|8411000000|8464000000|53000000|2468000000|-82000000|2409000000||53000000|7000000|-278000000|-20000000|258000000||1000000||403000000|-318000000|7000000|278000000|-82000000|27000000|-82000000|343000000|-325000000|UAL
2010-09-30|USD|2404000000|5417000000|2990000000|1520000000|541000000|1246000000||1885000000|5000000|-171000000|6000000|177000000||16000000||232000000|387000000|0|171000000|387000000|387000000|564000000|796000000|387000000|UAL
2010-06-30|USD|2318000000|5184000000|2843000000|1454000000|441000000|1174000000||1799000000|2000000|-171000000|7000000|178000000||3000000||223000000|271000000|-2000000|171000000|273000000|273000000|449000000|672000000|273000000|UAL
2010-03-31|USD|3026000000|4260000000|1215000000|1215000000|76000000|1763000000||2321000000||||185000000||24000000||221000000|-81000000|1000000||||104000000|325000000|-82000000|UAL
2009-12-31|USD|67000000|4193000000|4126000000|4126000000|-74000000|1219000000||-603000000||||162000000||22000000||242000000|-211000000|29000000||||-49000000|193000000|-240000000|UAL
2009-09-30|USD|3092000000|4433000000|1341000000|1341000000|88000000|1729000000||2333000000||||146000000||-10000000||220000000|-61000000|-4000000||||85000000|305000000|-57000000|UAL
2009-06-30|USD|3085000000|4018000000|933000000|933000000|107000000|1671000000||2254000000||||135000000||35000000||222000000|15000000|-13000000||||150000000|372000000|28000000|UAL
